万得代码,交易所代码,自然日,时间,成交价,成交量,成交额,成交笔数,IOPV,成交标志,BS标志,当日累计成交量,当日成交额,最高价,最低价,开盘价,前收盘,申卖价1,申卖价2,申卖价3,申卖价4,申卖价5,申卖价6,申卖价7,申卖价8,申卖价9,申卖价10,申卖量1,申卖量2,申卖量3,申卖量4,申卖量5,申卖量6,申卖量7,申卖量8,申卖量9,申卖量10,申买价1,申买价2,申买价3,申买价4,申买价5,申买价6,申买价7,申买价8,申买价9,申买价10,申买量1,申买量2,申买量3,申买量4,申买量5,申买量6,申买量7,申买量8,申买量9,申买量10,加权平均叫卖价,加权平均叫买价,叫卖总量,叫买总量
601360.SH,601360,20231213,91401000,0,0,0,0,0,,,0,0,0,0,0,95100,0,0,0,0,0,0,0,0,0,0,0,0,0,0,0,0,0,0,0,0,0,0,0,0,0,0,0,0,0,0,0,0,0,0,0,0,0,0,0,0,0,0,0,0
601360.SH,601360,20231213,91401000,0,0,0,0,0,,,0,0,0,0,0,95100,0,0,0,0,0,0,0,0,0,0,0,0,0,0,0,0,0,0,0,0,0,0,0,0,0,0,0,0,0,0,0,0,0,0,0,0,0,0,0,0,0,0,0,0
601360.SH,601360,20231213,91501000,0,0,0,0,0,,,0,0,0,0,0,95100,0,0,0,0,0,0,0,0,0,0,0,0,0,0,0,0,0,0,0,0,0,0,0,0,0,0,0,0,0,0,0,0,0,0,0,0,0,0,0,0,0,94080,0,50200
601360.SH,601360,20231213,91504000,0,0,0,0,0,,,0,0,0,0,0,95100,95100,0,0,0,0,0,0,0,0,0,1700,6600,0,0,0,0,0,0,0,0,95100,0,0,0,0,0,0,0,0,0,1700,0,0,0,0,0,0,0,0,0,100840,91110,914800,297800
601360.SH,601360,20231213,91507000,0,0,0,0,0,,,0,0,0,0,0,95100,95100,0,0,0,0,0,0,0,0,0,10200,10700,0,0,0,0,0,0,0,0,95100,0,0,0,0,0,0,0,0,0,10200,0,0,0,0,0,0,0,0,0,100890,91510,1933043,468200
601360.SH,601360,20231213,91510000,0,0,0,0,0,,,0,0,0,0,0,95100,94900,0,0,0,0,0,0,0,0,0,23000,79600,0,0,0,0,0,0,0,0,94900,0,0,0,0,0,0,0,0,0,23000,0,0,0,0,0,0,0,0,0,101000,91800,2890243,820000
601360.SH,601360,20231213,91513000,0,0,0,0,0,,,0,0,0,0,0,95100,94900,0,0,0,0,0,0,0,0,0,35000,78800,0,0,0,0,0,0,0,0,94900,0,0,0,0,0,0,0,0,0,35000,0,0,0,0,0,0,0,0,0,101110,91910,4117450,1284300
601360.SH,601360,20231213,91516000,0,0,0,0,0,,,0,0,0,0,0,95100,94600,0,0,0,0,0,0,0,0,0,52200,0,0,0,0,0,0,0,0,0,94600,0,0,0,0,0,0,0,0,0,52200,400,0,0,0,0,0,0,0,0,101060,91910,4372450,1326400
601360.SH,601360,20231213,91519000,0,0,0,0,0,,,0,0,0,0,0,95100,94600,0,0,0,0,0,0,0,0,0,52200,0,0,0,0,0,0,0,0,0,94600,0,0,0,0,0,0,0,0,0,52200,400,0,0,0,0,0,0,0,0,101060,91900,4372750,1327200
601360.SH,601360,20231213,91522000,0,0,0,0,0,,,0,0,0,0,0,95100,94600,0,0,0,0,0,0,0,0,0,52200,0,0,0,0,0,0,0,0,0,94600,0,0,0,0,0,0,0,0,0,52200,400,0,0,0,0,0,0,0,0,101060,91910,4375750,1338200
601360.SH,601360,20231213,91525000,0,0,0,0,0,,,0,0,0,0,0,95100,94600,0,0,0,0,0,0,0,0,0,52200,0,0,0,0,0,0,0,0,0,94600,0,0,0,0,0,0,0,0,0,52200,400,0,0,0,0,0,0,0,0,101060,91910,4375750,1338700
601360.SH,601360,20231213,91528000,0,0,0,0,0,,,0,0,0,0,0,95100,94600,0,0,0,0,0,0,0,0,0,52200,0,0,0,0,0,0,0,0,0,94600,0,0,0,0,0,0,0,0,0,52200,400,0,0,0,0,0,0,0,0,101060,91910,4377650,1338700
601360.SH,601360,20231213,91531000,0,0,0,0,0,,,0,0,0,0,0,95100,94800,0,0,0,0,0,0,0,0,0,35700,0,0,0,0,0,0,0,0,0,94800,0,0,0,0,0,0,0,0,0,35700,8200,0,0,0,0,0,0,0,0,101080,91910,4361150,1338700
601360.SH,601360,20231213,91534000,0,0,0,0,0,,,0,0,0,0,0,95100,94800,0,0,0,0,0,0,0,0,0,35700,0,0,0,0,0,0,0,0,0,94800,0,0,0,0,0,0,0,0,0,35700,8200,0,0,0,0,0,0,0,0,101080,91910,4361350,1340000
601360.SH,601360,20231213,91537000,0,0,0,0,0,,,0,0,0,0,0,95100,94800,0,0,0,0,0,0,0,0,0,35700,0,0,0,0,0,0,0,0,0,94800,0,0,0,0,0,0,0,0,0,35700,8200,0,0,0,0,0,0,0,0,101080,91910,4362150,1342300
601360.SH,601360,20231213,91540000,0,0,0,0,0,,,0,0,0,0,0,95100,94800,0,0,0,0,0,0,0,0,0,35700,0,0,0,0,0,0,0,0,0,94800,0,0,0,0,0,0,0,0,0,35700,8700,0,0,0,0,0,0,0,0,101080,91910,4362650,1342800
601360.SH,601360,20231213,91543000,0,0,0,0,0,,,0,0,0,0,0,95100,94800,0,0,0,0,0,0,0,0,0,35700,0,0,0,0,0,0,0,0,0,94800,0,0,0,0,0,0,0,0,0,35700,8700,0,0,0,0,0,0,0,0,101080,91910,4362650,1343100
601360.SH,601360,20231213,91546000,0,0,0,0,0,,,0,0,0,0,0,95100,94800,0,0,0,0,0,0,0,0,0,35700,0,0,0,0,0,0,0,0,0,94800,0,0,0,0,0,0,0,0,0,35700,8700,0,0,0,0,0,0,0,0,101080,91910,4363850,1343100
601360.SH,601360,20231213,91549000,0,0,0,0,0,,,0,0,0,0,0,95100,94800,0,0,0,0,0,0,0,0,0,35800,0,0,0,0,0,0,0,0,0,94800,0,0,0,0,0,0,0,0,0,35800,8600,0,0,0,0,0,0,0,0,101080,91910,4364450,1353300
601360.SH,601360,20231213,91552000,0,0,0,0,0,,,0,0,0,0,0,95100,94800,0,0,0,0,0,0,0,0,0,35800,0,0,0,0,0,0,0,0,0,94800,0,0,0,0,0,0,0,0,0,35800,8600,0,0,0,0,0,0,0,0,101080,91910,4370150,1355300
601360.SH,601360,20231213,91558000,0,0,0,0,0,,,0,0,0,0,0,95100,94800,0,0,0,0,0,0,0,0,0,35800,0,0,0,0,0,0,0,0,0,94800,0,0,0,0,0,0,0,0,0,35800,8600,0,0,0,0,0,0,0,0,101070,91910,4381850,1356300
601360.SH,601360,20231213,91601000,0,0,0,0,0,,,0,0,0,0,0,95100,94800,0,0,0,0,0,0,0,0,0,35800,0,0,0,0,0,0,0,0,0,94800,0,0,0,0,0,0,0,0,0,35800,8600,0,0,0,0,0,0,0,0,101070,91910,4381950,1358300
601360.SH,601360,20231213,91604000,0,0,0,0,0,,,0,0,0,0,0,95100,94800,0,0,0,0,0,0,0,0,0,35800,0,0,0,0,0,0,0,0,0,94800,0,0,0,0,0,0,0,0,0,35800,8600,0,0,0,0,0,0,0,0,101070,91910,4382450,1359300
601360.SH,601360,20231213,91607000,0,0,0,0,0,,,0,0,0,0,0,95100,94800,0,0,0,0,0,0,0,0,0,35800,0,0,0,0,0,0,0,0,0,94800,0,0,0,0,0,0,0,0,0,35800,8600,0,0,0,0,0,0,0,0,101070,91910,4386150,1359300
601360.SH,601360,20231213,91610000,0,0,0,0,0,,,0,0,0,0,0,95100,94900,0,0,0,0,0,0,0,0,0,37100,86400,0,0,0,0,0,0,0,0,94900,0,0,0,0,0,0,0,0,0,37100,0,0,0,0,0,0,0,0,0,101070,91910,4393550,1362100
601360.SH,601360,20231213,91613000,0,0,0,0,0,,,0,0,0,0,0,95100,94900,0,0,0,0,0,0,0,0,0,37100,86400,0,0,0,0,0,0,0,0,94900,0,0,0,0,0,0,0,0,0,37100,0,0,0,0,0,0,0,0,0,101070,91910,4393150,1362100
601360.SH,601360,20231213,91616000,0,0,0,0,0,,,0,0,0,0,0,95100,94900,0,0,0,0,0,0,0,0,0,37100,86400,0,0,0,0,0,0,0,0,94900,0,0,0,0,0,0,0,0,0,37100,0,0,0,0,0,0,0,0,0,101070,91920,4393150,1363100
601360.SH,601360,20231213,91619000,0,0,0,0,0,,,0,0,0,0,0,95100,94200,0,0,0,0,0,0,0,0,0,82300,0,0,0,0,0,0,0,0,0,94200,0,0,0,0,0,0,0,0,0,82300,53600,0,0,0,0,0,0,0,0,100980,91920,4439750,1363100
601360.SH,601360,20231213,91622000,0,0,0,0,0,,,0,0,0,0,0,95100,94200,0,0,0,0,0,0,0,0,0,83200,0,0,0,0,0,0,0,0,0,94200,0,0,0,0,0,0,0,0,0,83200,52700,0,0,0,0,0,0,0,0,100980,91920,4442950,1363400
601360.SH,601360,20231213,91625000,0,0,0,0,0,,,0,0,0,0,0,95100,94200,0,0,0,0,0,0,0,0,0,83200,0,0,0,0,0,0,0,0,0,94200,0,0,0,0,0,0,0,0,0,83200,52700,0,0,0,0,0,0,0,0,100970,91930,4452450,1370700
601360.SH,601360,20231213,91628000,0,0,0,0,0,,,0,0,0,0,0,95100,94200,0,0,0,0,0,0,0,0,0,83200,0,0,0,0,0,0,0,0,0,94200,0,0,0,0,0,0,0,0,0,83200,52900,0,0,0,0,0,0,0,0,100970,91930,4452450,1372900
601360.SH,601360,20231213,91631000,0,0,0,0,0,,,0,0,0,0,0,95100,94200,0,0,0,0,0,0,0,0,0,83200,0,0,0,0,0,0,0,0,0,94200,0,0,0,0,0,0,0,0,0,83200,52900,0,0,0,0,0,0,0,0,100950,91930,4485250,1372900
601360.SH,601360,20231213,91634000,0,0,0,0,0,,,0,0,0,0,0,95100,94200,0,0,0,0,0,0,0,0,0,83200,0,0,0,0,0,0,0,0,0,94200,0,0,0,0,0,0,0,0,0,83200,52900,0,0,0,0,0,0,0,0,100950,91930,4485250,1371500
601360.SH,601360,20231213,91637000,0,0,0,0,0,,,0,0,0,0,0,95100,94200,0,0,0,0,0,0,0,0,0,83200,0,0,0,0,0,0,0,0,0,94200,0,0,0,0,0,0,0,0,0,83200,52900,0,0,0,0,0,0,0,0,100950,91920,4485250,1376300
601360.SH,601360,20231213,91640000,0,0,0,0,0,,,0,0,0,0,0,95100,94200,0,0,0,0,0,0,0,0,0,83200,0,0,0,0,0,0,0,0,0,94200,0,0,0,0,0,0,0,0,0,83200,52000,0,0,0,0,0,0,0,0,100950,91920,4486250,1376300
601360.SH,601360,20231213,91643000,0,0,0,0,0,,,0,0,0,0,0,95100,94200,0,0,0,0,0,0,0,0,0,83200,0,0,0,0,0,0,0,0,0,94200,0,0,0,0,0,0,0,0,0,83200,51500,0,0,0,0,0,0,0,0,100920,91930,4519050,1381800
601360.SH,601360,20231213,91646000,0,0,0,0,0,,,0,0,0,0,0,95100,94200,0,0,0,0,0,0,0,0,0,83200,0,0,0,0,0,0,0,0,0,94200,0,0,0,0,0,0,0,0,0,83200,51700,0,0,0,0,0,0,0,0,100920,91920,4519050,1385000
601360.SH,601360,20231213,91649000,0,0,0,0,0,,,0,0,0,0,0,95100,94200,0,0,0,0,0,0,0,0,0,83200,0,0,0,0,0,0,0,0,0,94200,0,0,0,0,0,0,0,0,0,83200,56700,0,0,0,0,0,0,0,0,100920,91910,4521350,1399700
601360.SH,601360,20231213,91652000,0,0,0,0,0,,,0,0,0,0,0,95100,94200,0,0,0,0,0,0,0,0,0,83200,0,0,0,0,0,0,0,0,0,94200,0,0,0,0,0,0,0,0,0,83200,56700,0,0,0,0,0,0,0,0,100910,91910,4551650,1425500
601360.SH,601360,20231213,91655000,0,0,0,0,0,,,0,0,0,0,0,95100,94200,0,0,0,0,0,0,0,0,0,83200,0,0,0,0,0,0,0,0,0,94200,0,0,0,0,0,0,0,0,0,83200,57500,0,0,0,0,0,0,0,0,100910,91910,4555050,1426300
601360.SH,601360,20231213,91658000,0,0,0,0,0,,,0,0,0,0,0,95100,94200,0,0,0,0,0,0,0,0,0,83200,0,0,0,0,0,0,0,0,0,94200,0,0,0,0,0,0,0,0,0,83200,59000,0,0,0,0,0,0,0,0,100890,91910,4576550,1432100
601360.SH,601360,20231213,91701000,0,0,0,0,0,,,0,0,0,0,0,95100,94200,0,0,0,0,0,0,0,0,0,83500,0,0,0,0,0,0,0,0,0,94200,0,0,0,0,0,0,0,0,0,83500,58700,0,0,0,0,0,0,0,0,100890,91910,4584850,1433100
601360.SH,601360,20231213,91704000,0,0,0,0,0,,,0,0,0,0,0,95100,94200,0,0,0,0,0,0,0,0,0,86200,0,0,0,0,0,0,0,0,0,94200,0,0,0,0,0,0,0,0,0,86200,56700,0,0,0,0,0,0,0,0,100870,91920,4597550,1453400
601360.SH,601360,20231213,91707000,0,0,0,0,0,,,0,0,0,0,0,95100,94200,0,0,0,0,0,0,0,0,0,86200,0,0,0,0,0,0,0,0,0,94200,0,0,0,0,0,0,0,0,0,86200,56700,0,0,0,0,0,0,0,0,100860,91920,4607550,1453600
601360.SH,601360,20231213,91710000,0,0,0,0,0,,,0,0,0,0,0,95100,94200,0,0,0,0,0,0,0,0,0,86200,0,0,0,0,0,0,0,0,0,94200,0,0,0,0,0,0,0,0,0,86200,56700,0,0,0,0,0,0,0,0,100860,91920,4608850,1457300
601360.SH,601360,20231213,91713000,0,0,0,0,0,,,0,0,0,0,0,95100,94200,0,0,0,0,0,0,0,0,0,86200,0,0,0,0,0,0,0,0,0,94200,0,0,0,0,0,0,0,0,0,86200,56700,0,0,0,0,0,0,0,0,100860,91920,4609850,1457700
601360.SH,601360,20231213,91716000,0,0,0,0,0,,,0,0,0,0,0,95100,94200,0,0,0,0,0,0,0,0,0,86200,0,0,0,0,0,0,0,0,0,94200,0,0,0,0,0,0,0,0,0,86200,57200,0,0,0,0,0,0,0,0,100860,91920,4613750,1457400
601360.SH,601360,20231213,91719000,0,0,0,0,0,,,0,0,0,0,0,95100,94200,0,0,0,0,0,0,0,0,0,84700,0,0,0,0,0,0,0,0,0,94200,0,0,0,0,0,0,0,0,0,84700,59700,0,0,0,0,0,0,0,0,100860,91910,4623550,1453600
601360.SH,601360,20231213,91722000,0,0,0,0,0,,,0,0,0,0,0,95100,94200,0,0,0,0,0,0,0,0,0,84700,0,0,0,0,0,0,0,0,0,94200,0,0,0,0,0,0,0,0,0,84700,59900,0,0,0,0,0,0,0,0,100860,91930,4633750,1456800
601360.SH,601360,20231213,91725000,0,0,0,0,0,,,0,0,0,0,0,95100,94200,0,0,0,0,0,0,0,0,0,84700,0,0,0,0,0,0,0,0,0,94200,0,0,0,0,0,0,0,0,0,84700,60900,0,0,0,0,0,0,0,0,100860,91930,4634750,1457800
601360.SH,601360,20231213,91728000,0,0,0,0,0,,,0,0,0,0,0,95100,94200,0,0,0,0,0,0,0,0,0,85300,0,0,0,0,0,0,0,0,0,94200,0,0,0,0,0,0,0,0,0,85300,60900,0,0,0,0,0,0,0,0,100860,91940,4638450,1461600
601360.SH,601360,20231213,91731000,0,0,0,0,0,,,0,0,0,0,0,95100,94200,0,0,0,0,0,0,0,0,0,85400,0,0,0,0,0,0,0,0,0,94200,0,0,0,0,0,0,0,0,0,85400,59600,0,0,0,0,0,0,0,0,100850,91930,4649050,1461600
601360.SH,601360,20231213,91734000,0,0,0,0,0,,,0,0,0,0,0,95100,94200,0,0,0,0,0,0,0,0,0,85400,0,0,0,0,0,0,0,0,0,94200,0,0,0,0,0,0,0,0,0,85400,60000,0,0,0,0,0,0,0,0,100850,91940,4649050,1463000
601360.SH,601360,20231213,91737000,0,0,0,0,0,,,0,0,0,0,0,95100,94200,0,0,0,0,0,0,0,0,0,85400,0,0,0,0,0,0,0,0,0,94200,0,0,0,0,0,0,0,0,0,85400,60000,0,0,0,0,0,0,0,0,100860,91940,4655050,1466900
601360.SH,601360,20231213,91740000,0,0,0,0,0,,,0,0,0,0,0,95100,94200,0,0,0,0,0,0,0,0,0,85900,0,0,0,0,0,0,0,0,0,94200,0,0,0,0,0,0,0,0,0,85900,59500,0,0,0,0,0,0,0,0,100860,91940,4656350,1469800
601360.SH,601360,20231213,91743000,0,0,0,0,0,,,0,0,0,0,0,95100,94200,0,0,0,0,0,0,0,0,0,83100,0,0,0,0,0,0,0,0,0,94200,0,0,0,0,0,0,0,0,0,83100,62400,0,0,0,0,0,0,0,0,100850,91940,4670450,1477500
601360.SH,601360,20231213,91746000,0,0,0,0,0,,,0,0,0,0,0,95100,94200,0,0,0,0,0,0,0,0,0,83100,0,0,0,0,0,0,0,0,0,94200,0,0,0,0,0,0,0,0,0,83100,62400,0,0,0,0,0,0,0,0,100850,91950,4673450,1478500
601360.SH,601360,20231213,91749000,0,0,0,0,0,,,0,0,0,0,0,95100,94200,0,0,0,0,0,0,0,0,0,83100,0,0,0,0,0,0,0,0,0,94200,0,0,0,0,0,0,0,0,0,83100,62400,0,0,0,0,0,0,0,0,100860,91940,4689150,1480500
601360.SH,601360,20231213,91752000,0,0,0,0,0,,,0,0,0,0,0,95100,94200,0,0,0,0,0,0,0,0,0,83100,0,0,0,0,0,0,0,0,0,94200,0,0,0,0,0,0,0,0,0,83100,62400,0,0,0,0,0,0,0,0,100860,91940,4689150,1478600
601360.SH,601360,20231213,91755000,0,0,0,0,0,,,0,0,0,0,0,95100,94200,0,0,0,0,0,0,0,0,0,83100,0,0,0,0,0,0,0,0,0,94200,0,0,0,0,0,0,0,0,0,83100,62400,0,0,0,0,0,0,0,0,100860,91940,4690150,1480200
601360.SH,601360,20231213,91758000,0,0,0,0,0,,,0,0,0,0,0,95100,94200,0,0,0,0,0,0,0,0,0,83100,0,0,0,0,0,0,0,0,0,94200,0,0,0,0,0,0,0,0,0,83100,62800,0,0,0,0,0,0,0,0,100860,91960,4693250,1495200
601360.SH,601360,20231213,91801000,0,0,0,0,0,,,0,0,0,0,0,95100,94200,0,0,0,0,0,0,0,0,0,83100,0,0,0,0,0,0,0,0,0,94200,0,0,0,0,0,0,0,0,0,83100,62800,0,0,0,0,0,0,0,0,100850,91960,4706550,1495300
601360.SH,601360,20231213,91804000,0,0,0,0,0,,,0,0,0,0,0,95100,94900,0,0,0,0,0,0,0,0,0,36900,87400,0,0,0,0,0,0,0,0,94900,0,0,0,0,0,0,0,0,0,36900,0,0,0,0,0,0,0,0,0,100930,91960,4671550,1495300
601360.SH,601360,20231213,91807000,0,0,0,0,0,,,0,0,0,0,0,95100,94900,0,0,0,0,0,0,0,0,0,36900,87400,0,0,0,0,0,0,0,0,94900,0,0,0,0,0,0,0,0,0,36900,0,0,0,0,0,0,0,0,0,100930,91960,4685950,1498300
601360.SH,601360,20231213,91810000,0,0,0,0,0,,,0,0,0,0,0,95100,94900,0,0,0,0,0,0,0,0,0,36900,87400,0,0,0,0,0,0,0,0,94900,0,0,0,0,0,0,0,0,0,36900,0,0,0,0,0,0,0,0,0,100930,91960,4695350,1501400
601360.SH,601360,20231213,91813000,0,0,0,0,0,,,0,0,0,0,0,95100,94900,0,0,0,0,0,0,0,0,0,36900,86900,0,0,0,0,0,0,0,0,94900,0,0,0,0,0,0,0,0,0,36900,0,0,0,0,0,0,0,0,0,100930,91960,4697550,1501400
601360.SH,601360,20231213,91816000,0,0,0,0,0,,,0,0,0,0,0,95100,94900,0,0,0,0,0,0,0,0,0,37000,86800,0,0,0,0,0,0,0,0,94900,0,0,0,0,0,0,0,0,0,37000,0,0,0,0,0,0,0,0,0,100940,91970,4710050,1504100
601360.SH,601360,20231213,91819000,0,0,0,0,0,,,0,0,0,0,0,95100,94900,0,0,0,0,0,0,0,0,0,37000,86800,0,0,0,0,0,0,0,0,94900,0,0,0,0,0,0,0,0,0,37000,0,0,0,0,0,0,0,0,0,100930,91970,4737450,1504200
601360.SH,601360,20231213,91822000,0,0,0,0,0,,,0,0,0,0,0,95100,94900,0,0,0,0,0,0,0,0,0,37000,86800,0,0,0,0,0,0,0,0,94900,0,0,0,0,0,0,0,0,0,37000,0,0,0,0,0,0,0,0,0,100930,91970,4745050,1504600
601360.SH,601360,20231213,91825000,0,0,0,0,0,,,0,0,0,0,0,95100,94900,0,0,0,0,0,0,0,0,0,37000,86800,0,0,0,0,0,0,0,0,94900,0,0,0,0,0,0,0,0,0,37000,0,0,0,0,0,0,0,0,0,100930,91970,4752050,1506500
601360.SH,601360,20231213,91828000,0,0,0,0,0,,,0,0,0,0,0,95100,94900,0,0,0,0,0,0,0,0,0,41000,82800,0,0,0,0,0,0,0,0,94900,0,0,0,0,0,0,0,0,0,41000,0,0,0,0,0,0,0,0,0,100930,91990,4752350,1525600
601360.SH,601360,20231213,91831000,0,0,0,0,0,,,0,0,0,0,0,95100,94900,0,0,0,0,0,0,0,0,0,41000,82800,0,0,0,0,0,0,0,0,94900,0,0,0,0,0,0,0,0,0,41000,0,0,0,0,0,0,0,0,0,100930,91990,4758350,1529400
601360.SH,601360,20231213,91834000,0,0,0,0,0,,,0,0,0,0,0,95100,94900,0,0,0,0,0,0,0,0,0,41000,82800,0,0,0,0,0,0,0,0,94900,0,0,0,0,0,0,0,0,0,41000,0,0,0,0,0,0,0,0,0,100920,91990,4771050,1530400
601360.SH,601360,20231213,91837000,0,0,0,0,0,,,0,0,0,0,0,95100,96500,0,0,0,0,0,0,0,0,0,326200,10200,0,0,0,0,0,0,0,0,96500,0,0,0,0,0,0,0,0,0,326200,0,0,0,0,0,0,0,0,0,100920,94200,4771550,1858800
601360.SH,601360,20231213,91840000,0,0,0,0,0,,,0,0,0,0,0,95100,96500,0,0,0,0,0,0,0,0,0,326200,11200,0,0,0,0,0,0,0,0,96500,0,0,0,0,0,0,0,0,0,326200,0,0,0,0,0,0,0,0,0,100920,94190,4780250,1861900
601360.SH,601360,20231213,91843000,0,0,0,0,0,,,0,0,0,0,0,95100,96500,0,0,0,0,0,0,0,0,0,326200,12700,0,0,0,0,0,0,0,0,96500,0,0,0,0,0,0,0,0,0,326200,0,0,0,0,0,0,0,0,0,100910,94190,4794050,1861900
601360.SH,601360,20231213,91846000,0,0,0,0,0,,,0,0,0,0,0,95100,96500,0,0,0,0,0,0,0,0,0,326200,12700,0,0,0,0,0,0,0,0,96500,0,0,0,0,0,0,0,0,0,326200,0,0,0,0,0,0,0,0,0,100910,94200,4793950,1880400
601360.SH,601360,20231213,91849000,0,0,0,0,0,,,0,0,0,0,0,95100,94900,0,0,0,0,0,0,0,0,0,58100,65700,0,0,0,0,0,0,0,0,94900,0,0,0,0,0,0,0,0,0,58100,0,0,0,0,0,0,0,0,0,100910,92020,4793950,1558400
601360.SH,601360,20231213,91852000,0,0,0,0,0,,,0,0,0,0,0,95100,94900,0,0,0,0,0,0,0,0,0,58100,65700,0,0,0,0,0,0,0,0,94900,0,0,0,0,0,0,0,0,0,58100,0,0,0,0,0,0,0,0,0,100920,92030,4793950,1563400
601360.SH,601360,20231213,91855000,0,0,0,0,0,,,0,0,0,0,0,95100,94900,0,0,0,0,0,0,0,0,0,58100,65700,0,0,0,0,0,0,0,0,94900,0,0,0,0,0,0,0,0,0,58100,0,0,0,0,0,0,0,0,0,100930,92030,4785950,1564600
601360.SH,601360,20231213,91858000,0,0,0,0,0,,,0,0,0,0,0,95100,94900,0,0,0,0,0,0,0,0,0,58100,66900,0,0,0,0,0,0,0,0,94900,0,0,0,0,0,0,0,0,0,58100,0,0,0,0,0,0,0,0,0,100930,92020,4831950,1561600
601360.SH,601360,20231213,91901000,0,0,0,0,0,,,0,0,0,0,0,95100,94900,0,0,0,0,0,0,0,0,0,58100,66900,0,0,0,0,0,0,0,0,94900,0,0,0,0,0,0,0,0,0,58100,0,0,0,0,0,0,0,0,0,100920,92020,4835650,1562200
601360.SH,601360,20231213,91904000,0,0,0,0,0,,,0,0,0,0,0,95100,94900,0,0,0,0,0,0,0,0,0,60300,64700,0,0,0,0,0,0,0,0,94900,0,0,0,0,0,0,0,0,0,60300,0,0,0,0,0,0,0,0,0,100930,92030,4838750,1564400
601360.SH,601360,20231213,91907000,0,0,0,0,0,,,0,0,0,0,0,95100,94900,0,0,0,0,0,0,0,0,0,60300,64700,0,0,0,0,0,0,0,0,94900,0,0,0,0,0,0,0,0,0,60300,0,0,0,0,0,0,0,0,0,100920,92030,4849150,1564600
601360.SH,601360,20231213,91910000,0,0,0,0,0,,,0,0,0,0,0,95100,94900,0,0,0,0,0,0,0,0,0,63300,61700,0,0,0,0,0,0,0,0,94900,0,0,0,0,0,0,0,0,0,63300,0,0,0,0,0,0,0,0,0,100920,92030,4854250,1569700
601360.SH,601360,20231213,91913000,0,0,0,0,0,,,0,0,0,0,0,95100,94900,0,0,0,0,0,0,0,0,0,63300,61700,0,0,0,0,0,0,0,0,94900,0,0,0,0,0,0,0,0,0,63300,0,0,0,0,0,0,0,0,0,100910,92040,4874950,1571600
601360.SH,601360,20231213,91916000,0,0,0,0,0,,,0,0,0,0,0,95100,94900,0,0,0,0,0,0,0,0,0,66100,58900,0,0,0,0,0,0,0,0,94900,0,0,0,0,0,0,0,0,0,66100,0,0,0,0,0,0,0,0,0,100900,92040,4881250,1575400
601360.SH,601360,20231213,91919000,0,0,0,0,0,,,0,0,0,0,0,95100,94900,0,0,0,0,0,0,0,0,0,66100,58900,0,0,0,0,0,0,0,0,94900,0,0,0,0,0,0,0,0,0,66100,0,0,0,0,0,0,0,0,0,100870,92040,4930350,1576000
601360.SH,601360,20231213,91922000,0,0,0,0,0,,,0,0,0,0,0,95100,94900,0,0,0,0,0,0,0,0,0,66100,58900,0,0,0,0,0,0,0,0,94900,0,0,0,0,0,0,0,0,0,66100,0,0,0,0,0,0,0,0,0,100870,92040,4945750,1576000
601360.SH,601360,20231213,91925000,0,0,0,0,0,,,0,0,0,0,0,95100,94900,0,0,0,0,0,0,0,0,0,66100,58900,0,0,0,0,0,0,0,0,94900,0,0,0,0,0,0,0,0,0,66100,0,0,0,0,0,0,0,0,0,100870,92050,4948450,1579000
601360.SH,601360,20231213,91928000,0,0,0,0,0,,,0,0,0,0,0,95100,94900,0,0,0,0,0,0,0,0,0,66100,58900,0,0,0,0,0,0,0,0,94900,0,0,0,0,0,0,0,0,0,66100,0,0,0,0,0,0,0,0,0,100880,92050,4962550,1579300
601360.SH,601360,20231213,91931000,0,0,0,0,0,,,0,0,0,0,0,95100,94900,0,0,0,0,0,0,0,0,0,66100,58900,0,0,0,0,0,0,0,0,94900,0,0,0,0,0,0,0,0,0,66100,0,0,0,0,0,0,0,0,0,100880,92050,4963750,1579300
601360.SH,601360,20231213,91934000,0,0,0,0,0,,,0,0,0,0,0,95100,94900,0,0,0,0,0,0,0,0,0,66100,58900,0,0,0,0,0,0,0,0,94900,0,0,0,0,0,0,0,0,0,66100,0,0,0,0,0,0,0,0,0,100880,92050,4968150,1589700
601360.SH,601360,20231213,91937000,0,0,0,0,0,,,0,0,0,0,0,95100,94900,0,0,0,0,0,0,0,0,0,66100,58900,0,0,0,0,0,0,0,0,94900,0,0,0,0,0,0,0,0,0,66100,0,0,0,0,0,0,0,0,0,100890,92050,4998050,1588300
601360.SH,601360,20231213,91940000,0,0,0,0,0,,,0,0,0,0,0,95100,94900,0,0,0,0,0,0,0,0,0,66100,58900,0,0,0,0,0,0,0,0,94900,0,0,0,0,0,0,0,0,0,66100,0,0,0,0,0,0,0,0,0,100890,92050,5002250,1588400
601360.SH,601360,20231213,91943000,0,0,0,0,0,,,0,0,0,0,0,95100,94900,0,0,0,0,0,0,0,0,0,66100,58900,0,0,0,0,0,0,0,0,94900,0,0,0,0,0,0,0,0,0,66100,0,0,0,0,0,0,0,0,0,100890,92060,5010350,1590900
601360.SH,601360,20231213,91946000,0,0,0,0,0,,,0,0,0,0,0,95100,94900,0,0,0,0,0,0,0,0,0,66100,58900,0,0,0,0,0,0,0,0,94900,0,0,0,0,0,0,0,0,0,66100,0,0,0,0,0,0,0,0,0,100870,92060,5030350,1596900
601360.SH,601360,20231213,91949000,0,0,0,0,0,,,0,0,0,0,0,95100,94900,0,0,0,0,0,0,0,0,0,66100,65900,0,0,0,0,0,0,0,0,94900,0,0,0,0,0,0,0,0,0,66100,0,0,0,0,0,0,0,0,0,100880,92060,4940950,1596900
601360.SH,601360,20231213,91952000,0,0,0,0,0,,,0,0,0,0,0,95100,94900,0,0,0,0,0,0,0,0,0,66700,65300,0,0,0,0,0,0,0,0,94900,0,0,0,0,0,0,0,0,0,66700,0,0,0,0,0,0,0,0,0,100880,92070,4957250,1598500
601360.SH,601360,20231213,91955000,0,0,0,0,0,,,0,0,0,0,0,95100,94900,0,0,0,0,0,0,0,0,0,66700,65300,0,0,0,0,0,0,0,0,94900,0,0,0,0,0,0,0,0,0,66700,0,0,0,0,0,0,0,0,0,100880,92070,4960650,1598500
601360.SH,601360,20231213,91958000,0,0,0,0,0,,,0,0,0,0,0,95100,94900,0,0,0,0,0,0,0,0,0,66800,65200,0,0,0,0,0,0,0,0,94900,0,0,0,0,0,0,0,0,0,66800,0,0,0,0,0,0,0,0,0,100880,92070,4961550,1598600
601360.SH,601360,20231213,92001000,0,0,0,0,0,,,0,0,0,0,0,95100,94900,0,0,0,0,0,0,0,0,0,66800,65200,0,0,0,0,0,0,0,0,94900,0,0,0,0,0,0,0,0,0,66800,0,0,0,0,0,0,0,0,0,100880,92080,4969150,1601100
601360.SH,601360,20231213,92004000,0,0,0,0,0,,,0,0,0,0,0,95100,94900,0,0,0,0,0,0,0,0,0,66800,72000,0,0,0,0,0,0,0,0,94900,0,0,0,0,0,0,0,0,0,66800,0,0,0,0,0,0,0,0,0,100870,92080,4981350,1607700
601360.SH,601360,20231213,92007000,0,0,0,0,0,,,0,0,0,0,0,95100,94900,0,0,0,0,0,0,0,0,0,66800,72000,0,0,0,0,0,0,0,0,94900,0,0,0,0,0,0,0,0,0,66800,0,0,0,0,0,0,0,0,0,100880,92090,4991150,1610200
601360.SH,601360,20231213,92010000,0,0,0,0,0,,,0,0,0,0,0,95100,94900,0,0,0,0,0,0,0,0,0,66800,72000,0,0,0,0,0,0,0,0,94900,0,0,0,0,0,0,0,0,0,66800,0,0,0,0,0,0,0,0,0,100870,92090,4996050,1616100
601360.SH,601360,20231213,92013000,0,0,0,0,0,,,0,0,0,0,0,95100,94900,0,0,0,0,0,0,0,0,0,66800,72000,0,0,0,0,0,0,0,0,94900,0,0,0,0,0,0,0,0,0,66800,0,0,0,0,0,0,0,0,0,100860,92090,5015750,1617800
601360.SH,601360,20231213,92016000,0,0,0,0,0,,,0,0,0,0,0,95100,94900,0,0,0,0,0,0,0,0,0,66800,72200,0,0,0,0,0,0,0,0,94900,0,0,0,0,0,0,0,0,0,66800,0,0,0,0,0,0,0,0,0,100860,92090,5030250,1617900
601360.SH,601360,20231213,92019000,0,0,0,0,0,,,0,0,0,0,0,95100,94900,0,0,0,0,0,0,0,0,0,66800,72200,0,0,0,0,0,0,0,0,94900,0,0,0,0,0,0,0,0,0,66800,0,0,0,0,0,0,0,0,0,100860,92090,5037550,1619600
601360.SH,601360,20231213,92022000,0,0,0,0,0,,,0,0,0,0,0,95100,94900,0,0,0,0,0,0,0,0,0,66800,72200,0,0,0,0,0,0,0,0,94900,0,0,0,0,0,0,0,0,0,66800,0,0,0,0,0,0,0,0,0,100860,92100,5037550,1642900
601360.SH,601360,20231213,92025000,0,0,0,0,0,,,0,0,0,0,0,95100,94900,0,0,0,0,0,0,0,0,0,66800,72200,0,0,0,0,0,0,0,0,94900,0,0,0,0,0,0,0,0,0,66800,0,0,0,0,0,0,0,0,0,100860,92100,5038950,1648300
601360.SH,601360,20231213,92028000,0,0,0,0,0,,,0,0,0,0,0,95100,94900,0,0,0,0,0,0,0,0,0,67300,72000,0,0,0,0,0,0,0,0,94900,0,0,0,0,0,0,0,0,0,67300,0,0,0,0,0,0,0,0,0,100860,92110,5044050,1651400
601360.SH,601360,20231213,92031000,0,0,0,0,0,,,0,0,0,0,0,95100,94900,0,0,0,0,0,0,0,0,0,67300,72000,0,0,0,0,0,0,0,0,94900,0,0,0,0,0,0,0,0,0,67300,0,0,0,0,0,0,0,0,0,100860,92100,5047250,1653600
601360.SH,601360,20231213,92034000,0,0,0,0,0,,,0,0,0,0,0,95100,94900,0,0,0,0,0,0,0,0,0,67300,72000,0,0,0,0,0,0,0,0,94900,0,0,0,0,0,0,0,0,0,67300,0,0,0,0,0,0,0,0,0,100860,92100,5053550,1659600
601360.SH,601360,20231213,92037000,0,0,0,0,0,,,0,0,0,0,0,95100,94900,0,0,0,0,0,0,0,0,0,67300,72000,0,0,0,0,0,0,0,0,94900,0,0,0,0,0,0,0,0,0,67300,0,0,0,0,0,0,0,0,0,100810,92110,5110950,1669000
601360.SH,601360,20231213,92040000,0,0,0,0,0,,,0,0,0,0,0,95100,94900,0,0,0,0,0,0,0,0,0,67300,72900,0,0,0,0,0,0,0,0,94900,0,0,0,0,0,0,0,0,0,67300,0,0,0,0,0,0,0,0,0,100810,92110,5113450,1669000
601360.SH,601360,20231213,92043000,0,0,0,0,0,,,0,0,0,0,0,95100,94900,0,0,0,0,0,0,0,0,0,67300,72900,0,0,0,0,0,0,0,0,94900,0,0,0,0,0,0,0,0,0,67300,0,0,0,0,0,0,0,0,0,100810,92110,5115050,1675100
601360.SH,601360,20231213,92046000,0,0,0,0,0,,,0,0,0,0,0,95100,94900,0,0,0,0,0,0,0,0,0,67300,72900,0,0,0,0,0,0,0,0,94900,0,0,0,0,0,0,0,0,0,67300,0,0,0,0,0,0,0,0,0,100810,92110,5116450,1677100
601360.SH,601360,20231213,92049000,0,0,0,0,0,,,0,0,0,0,0,95100,94900,0,0,0,0,0,0,0,0,0,67300,73900,0,0,0,0,0,0,0,0,94900,0,0,0,0,0,0,0,0,0,67300,0,0,0,0,0,0,0,0,0,100810,92110,5118450,1679100
601360.SH,601360,20231213,92052000,0,0,0,0,0,,,0,0,0,0,0,95100,94900,0,0,0,0,0,0,0,0,0,67300,73900,0,0,0,0,0,0,0,0,94900,0,0,0,0,0,0,0,0,0,67300,0,0,0,0,0,0,0,0,0,100800,92120,5130650,1681700
601360.SH,601360,20231213,92055000,0,0,0,0,0,,,0,0,0,0,0,95100,94900,0,0,0,0,0,0,0,0,0,67300,73900,0,0,0,0,0,0,0,0,94900,0,0,0,0,0,0,0,0,0,67300,0,0,0,0,0,0,0,0,0,100790,92120,5144250,1684300
601360.SH,601360,20231213,92058000,0,0,0,0,0,,,0,0,0,0,0,95100,94900,0,0,0,0,0,0,0,0,0,67300,73900,0,0,0,0,0,0,0,0,94900,0,0,0,0,0,0,0,0,0,67300,0,0,0,0,0,0,0,0,0,100790,92120,5150850,1685800
601360.SH,601360,20231213,92101000,0,0,0,0,0,,,0,0,0,0,0,95100,94900,0,0,0,0,0,0,0,0,0,67300,73900,0,0,0,0,0,0,0,0,94900,0,0,0,0,0,0,0,0,0,67300,0,0,0,0,0,0,0,0,0,100790,92120,5156750,1685800
601360.SH,601360,20231213,92104000,0,0,0,0,0,,,0,0,0,0,0,95100,94900,0,0,0,0,0,0,0,0,0,70300,70900,0,0,0,0,0,0,0,0,94900,0,0,0,0,0,0,0,0,0,70300,0,0,0,0,0,0,0,0,0,100780,92140,5165750,1691400
601360.SH,601360,20231213,92107000,0,0,0,0,0,,,0,0,0,0,0,95100,94900,0,0,0,0,0,0,0,0,0,70300,70900,0,0,0,0,0,0,0,0,94900,0,0,0,0,0,0,0,0,0,70300,0,0,0,0,0,0,0,0,0,100800,92150,5226850,1696400
601360.SH,601360,20231213,92110000,0,0,0,0,0,,,0,0,0,0,0,95100,94900,0,0,0,0,0,0,0,0,0,70300,71400,0,0,0,0,0,0,0,0,94900,0,0,0,0,0,0,0,0,0,70300,0,0,0,0,0,0,0,0,0,100800,92170,5231350,1711900
601360.SH,601360,20231213,92113000,0,0,0,0,0,,,0,0,0,0,0,95100,94900,0,0,0,0,0,0,0,0,0,70300,72000,0,0,0,0,0,0,0,0,94900,0,0,0,0,0,0,0,0,0,70300,0,0,0,0,0,0,0,0,0,100780,92170,5264750,1713200
601360.SH,601360,20231213,92116000,0,0,0,0,0,,,0,0,0,0,0,95100,94900,0,0,0,0,0,0,0,0,0,70300,73500,0,0,0,0,0,0,0,0,94900,0,0,0,0,0,0,0,0,0,70300,0,0,0,0,0,0,0,0,0,100780,92180,5275250,1723800
601360.SH,601360,20231213,92119000,0,0,0,0,0,,,0,0,0,0,0,95100,94900,0,0,0,0,0,0,0,0,0,70800,73000,0,0,0,0,0,0,0,0,94900,0,0,0,0,0,0,0,0,0,70800,0,0,0,0,0,0,0,0,0,100780,92180,5279850,1731800
601360.SH,601360,20231213,92122000,0,0,0,0,0,,,0,0,0,0,0,95100,94900,0,0,0,0,0,0,0,0,0,70800,73100,0,0,0,0,0,0,0,0,94900,0,0,0,0,0,0,0,0,0,70800,0,0,0,0,0,0,0,0,0,100780,92180,5284050,1738100
601360.SH,601360,20231213,92125000,0,0,0,0,0,,,0,0,0,0,0,95100,94900,0,0,0,0,0,0,0,0,0,71400,72500,0,0,0,0,0,0,0,0,94900,0,0,0,0,0,0,0,0,0,71400,0,0,0,0,0,0,0,0,0,100780,92180,5294050,1738700
601360.SH,601360,20231213,92128000,0,0,0,0,0,,,0,0,0,0,0,95100,94900,0,0,0,0,0,0,0,0,0,71400,74300,0,0,0,0,0,0,0,0,94900,0,0,0,0,0,0,0,0,0,71400,0,0,0,0,0,0,0,0,0,100780,92190,5298250,1761200
601360.SH,601360,20231213,92131000,0,0,0,0,0,,,0,0,0,0,0,95100,94900,0,0,0,0,0,0,0,0,0,71400,74300,0,0,0,0,0,0,0,0,94900,0,0,0,0,0,0,0,0,0,71400,0,0,0,0,0,0,0,0,0,100780,92190,5308750,1763100
601360.SH,601360,20231213,92134000,0,0,0,0,0,,,0,0,0,0,0,95100,94900,0,0,0,0,0,0,0,0,0,75700,82800,0,0,0,0,0,0,0,0,94900,0,0,0,0,0,0,0,0,0,75700,0,0,0,0,0,0,0,0,0,100760,92210,5335250,1773500
601360.SH,601360,20231213,92137000,0,0,0,0,0,,,0,0,0,0,0,95100,94900,0,0,0,0,0,0,0,0,0,75700,82800,0,0,0,0,0,0,0,0,94900,0,0,0,0,0,0,0,0,0,75700,0,0,0,0,0,0,0,0,0,100760,92210,5341750,1774000
601360.SH,601360,20231213,92140000,0,0,0,0,0,,,0,0,0,0,0,95100,94900,0,0,0,0,0,0,0,0,0,77700,81300,0,0,0,0,0,0,0,0,94900,0,0,0,0,0,0,0,0,0,77700,0,0,0,0,0,0,0,0,0,100770,92210,5353850,1778700
601360.SH,601360,20231213,92143000,0,0,0,0,0,,,0,0,0,0,0,95100,94900,0,0,0,0,0,0,0,0,0,82700,76400,0,0,0,0,0,0,0,0,94900,0,0,0,0,0,0,0,0,0,82700,0,0,0,0,0,0,0,0,0,100770,92220,5354950,1784100
601360.SH,601360,20231213,92146000,0,0,0,0,0,,,0,0,0,0,0,95100,94900,0,0,0,0,0,0,0,0,0,82700,82100,0,0,0,0,0,0,0,0,94900,0,0,0,0,0,0,0,0,0,82700,0,0,0,0,0,0,0,0,0,100760,92220,5365050,1797000
601360.SH,601360,20231213,92149000,0,0,0,0,0,,,0,0,0,0,0,95100,94900,0,0,0,0,0,0,0,0,0,82700,82100,0,0,0,0,0,0,0,0,94900,0,0,0,0,0,0,0,0,0,82700,0,0,0,0,0,0,0,0,0,100760,92230,5384350,1809500
601360.SH,601360,20231213,92152000,0,0,0,0,0,,,0,0,0,0,0,95100,94900,0,0,0,0,0,0,0,0,0,91900,74100,0,0,0,0,0,0,0,0,94900,0,0,0,0,0,0,0,0,0,91900,0,0,0,0,0,0,0,0,0,100750,92250,5387150,1818700
601360.SH,601360,20231213,92155000,0,0,0,0,0,,,0,0,0,0,0,95100,94900,0,0,0,0,0,0,0,0,0,91900,78100,0,0,0,0,0,0,0,0,94900,0,0,0,0,0,0,0,0,0,91900,0,0,0,0,0,0,0,0,0,100740,92280,5400450,2021900
601360.SH,601360,20231213,92158000,0,0,0,0,0,,,0,0,0,0,0,95100,94900,0,0,0,0,0,0,0,0,0,91900,79300,0,0,0,0,0,0,0,0,94900,0,0,0,0,0,0,0,0,0,91900,0,0,0,0,0,0,0,0,0,100730,92290,5417350,2051500
601360.SH,601360,20231213,92201000,0,0,0,0,0,,,0,0,0,0,0,95100,94900,0,0,0,0,0,0,0,0,0,91900,79300,0,0,0,0,0,0,0,0,94900,0,0,0,0,0,0,0,0,0,91900,0,0,0,0,0,0,0,0,0,100730,92290,5428050,2056800
601360.SH,601360,20231213,92204000,0,0,0,0,0,,,0,0,0,0,0,95100,94900,0,0,0,0,0,0,0,0,0,91900,79300,0,0,0,0,0,0,0,0,94900,0,0,0,0,0,0,0,0,0,91900,0,0,0,0,0,0,0,0,0,100730,92300,5430550,2075400
601360.SH,601360,20231213,92207000,0,0,0,0,0,,,0,0,0,0,0,95100,94900,0,0,0,0,0,0,0,0,0,92000,89900,0,0,0,0,0,0,0,0,94900,0,0,0,0,0,0,0,0,0,92000,0,0,0,0,0,0,0,0,0,100720,92300,5466750,2080500
601360.SH,601360,20231213,92210000,0,0,0,0,0,,,0,0,0,0,0,95100,94900,0,0,0,0,0,0,0,0,0,92200,89700,0,0,0,0,0,0,0,0,94900,0,0,0,0,0,0,0,0,0,92200,0,0,0,0,0,0,0,0,0,100720,92310,5476150,2089400
601360.SH,601360,20231213,92213000,0,0,0,0,0,,,0,0,0,0,0,95100,94900,0,0,0,0,0,0,0,0,0,92200,89700,0,0,0,0,0,0,0,0,94900,0,0,0,0,0,0,0,0,0,92200,0,0,0,0,0,0,0,0,0,100740,92310,5514250,2097000
601360.SH,601360,20231213,92216000,0,0,0,0,0,,,0,0,0,0,0,95100,94900,0,0,0,0,0,0,0,0,0,92200,89900,0,0,0,0,0,0,0,0,94900,0,0,0,0,0,0,0,0,0,92200,0,0,0,0,0,0,0,0,0,100740,92310,5524850,2098200
601360.SH,601360,20231213,92219000,0,0,0,0,0,,,0,0,0,0,0,95100,94900,0,0,0,0,0,0,0,0,0,92200,89900,0,0,0,0,0,0,0,0,94900,0,0,0,0,0,0,0,0,0,92200,0,0,0,0,0,0,0,0,0,100740,92310,5525050,2105900
601360.SH,601360,20231213,92222000,0,0,0,0,0,,,0,0,0,0,0,95100,94900,0,0,0,0,0,0,0,0,0,92200,89900,0,0,0,0,0,0,0,0,94900,0,0,0,0,0,0,0,0,0,92200,0,0,0,0,0,0,0,0,0,100740,92310,5532750,2107000
601360.SH,601360,20231213,92225000,0,0,0,0,0,,,0,0,0,0,0,95100,94900,0,0,0,0,0,0,0,0,0,93200,88900,0,0,0,0,0,0,0,0,94900,0,0,0,0,0,0,0,0,0,93200,0,0,0,0,0,0,0,0,0,100740,92310,5533150,2111000
601360.SH,601360,20231213,92228000,0,0,0,0,0,,,0,0,0,0,0,95100,94900,0,0,0,0,0,0,0,0,0,102400,87700,0,0,0,0,0,0,0,0,94900,0,0,0,0,0,0,0,0,0,102400,0,0,0,0,0,0,0,0,0,100720,92330,5556150,2121300
601360.SH,601360,20231213,92231000,0,0,0,0,0,,,0,0,0,0,0,95100,94900,0,0,0,0,0,0,0,0,0,102400,88700,0,0,0,0,0,0,0,0,94900,0,0,0,0,0,0,0,0,0,102400,0,0,0,0,0,0,0,0,0,100710,92330,5590750,2129100
601360.SH,601360,20231213,92234000,0,0,0,0,0,,,0,0,0,0,0,95100,94900,0,0,0,0,0,0,0,0,0,102400,89600,0,0,0,0,0,0,0,0,94900,0,0,0,0,0,0,0,0,0,102400,0,0,0,0,0,0,0,0,0,100710,92340,5613750,2150400
601360.SH,601360,20231213,92237000,0,0,0,0,0,,,0,0,0,0,0,95100,94900,0,0,0,0,0,0,0,0,0,111000,92000,0,0,0,0,0,0,0,0,94900,0,0,0,0,0,0,0,0,0,111000,0,0,0,0,0,0,0,0,0,100700,92370,5629750,2161300
601360.SH,601360,20231213,92240000,0,0,0,0,0,,,0,0,0,0,0,95100,94900,0,0,0,0,0,0,0,0,0,111000,92000,0,0,0,0,0,0,0,0,94900,0,0,0,0,0,0,0,0,0,111000,0,0,0,0,0,0,0,0,0,100700,92380,5634550,2163300
601360.SH,601360,20231213,92243000,0,0,0,0,0,,,0,0,0,0,0,95100,94900,0,0,0,0,0,0,0,0,0,111000,95200,0,0,0,0,0,0,0,0,94900,0,0,0,0,0,0,0,0,0,111000,0,0,0,0,0,0,0,0,0,100690,92380,5641750,2163600
601360.SH,601360,20231213,92246000,0,0,0,0,0,,,0,0,0,0,0,95100,94900,0,0,0,0,0,0,0,0,0,111300,95000,0,0,0,0,0,0,0,0,94900,0,0,0,0,0,0,0,0,0,111300,0,0,0,0,0,0,0,0,0,100690,92390,5649450,2184900
601360.SH,601360,20231213,92249000,0,0,0,0,0,,,0,0,0,0,0,95100,94900,0,0,0,0,0,0,0,0,0,111300,95900,0,0,0,0,0,0,0,0,94900,0,0,0,0,0,0,0,0,0,111300,0,0,0,0,0,0,0,0,0,100690,92380,5653750,2201100
601360.SH,601360,20231213,92252000,0,0,0,0,0,,,0,0,0,0,0,95100,94900,0,0,0,0,0,0,0,0,0,112300,94900,0,0,0,0,0,0,0,0,94900,0,0,0,0,0,0,0,0,0,112300,0,0,0,0,0,0,0,0,0,100690,92380,5659650,2205700
601360.SH,601360,20231213,92255000,0,0,0,0,0,,,0,0,0,0,0,95100,94900,0,0,0,0,0,0,0,0,0,112300,95000,0,0,0,0,0,0,0,0,94900,0,0,0,0,0,0,0,0,0,112300,0,0,0,0,0,0,0,0,0,100690,92380,5683550,2205900
601360.SH,601360,20231213,92258000,0,0,0,0,0,,,0,0,0,0,0,95100,94900,0,0,0,0,0,0,0,0,0,112500,96100,0,0,0,0,0,0,0,0,94900,0,0,0,0,0,0,0,0,0,112500,0,0,0,0,0,0,0,0,0,100680,92380,5695750,2208400
601360.SH,601360,20231213,92301000,0,0,0,0,0,,,0,0,0,0,0,95100,94900,0,0,0,0,0,0,0,0,0,112500,96100,0,0,0,0,0,0,0,0,94900,0,0,0,0,0,0,0,0,0,112500,0,0,0,0,0,0,0,0,0,100680,92400,5720350,2229900
601360.SH,601360,20231213,92304000,0,0,0,0,0,,,0,0,0,0,0,95100,94900,0,0,0,0,0,0,0,0,0,112500,103400,0,0,0,0,0,0,0,0,94900,0,0,0,0,0,0,0,0,0,112500,0,0,0,0,0,0,0,0,0,100660,92400,5780250,2230000
601360.SH,601360,20231213,92307000,0,0,0,0,0,,,0,0,0,0,0,95100,94900,0,0,0,0,0,0,0,0,0,112500,103400,0,0,0,0,0,0,0,0,94900,0,0,0,0,0,0,0,0,0,112500,0,0,0,0,0,0,0,0,0,100650,92400,5792150,2230000
601360.SH,601360,20231213,92310000,0,0,0,0,0,,,0,0,0,0,0,95100,94900,0,0,0,0,0,0,0,0,0,112500,103400,0,0,0,0,0,0,0,0,94900,0,0,0,0,0,0,0,0,0,112500,0,0,0,0,0,0,0,0,0,100640,92400,5833550,2230000
601360.SH,601360,20231213,92313000,0,0,0,0,0,,,0,0,0,0,0,95100,94900,0,0,0,0,0,0,0,0,0,133600,82300,0,0,0,0,0,0,0,0,94900,0,0,0,0,0,0,0,0,0,133600,0,0,0,0,0,0,0,0,0,100650,92420,5843250,2251100
601360.SH,601360,20231213,92316000,0,0,0,0,0,,,0,0,0,0,0,95100,94900,0,0,0,0,0,0,0,0,0,133600,82500,0,0,0,0,0,0,0,0,94900,0,0,0,0,0,0,0,0,0,133600,0,0,0,0,0,0,0,0,0,100650,92430,5855750,2261100
601360.SH,601360,20231213,92319000,0,0,0,0,0,,,0,0,0,0,0,95100,94900,0,0,0,0,0,0,0,0,0,133600,84700,0,0,0,0,0,0,0,0,94900,0,0,0,0,0,0,0,0,0,133600,0,0,0,0,0,0,0,0,0,100640,92450,5863750,2313200
601360.SH,601360,20231213,92322000,0,0,0,0,0,,,0,0,0,0,0,95100,94900,0,0,0,0,0,0,0,0,0,133600,84700,0,0,0,0,0,0,0,0,94900,0,0,0,0,0,0,0,0,0,133600,0,0,0,0,0,0,0,0,0,100640,92450,5867150,2315500
601360.SH,601360,20231213,92325000,0,0,0,0,0,,,0,0,0,0,0,95100,94900,0,0,0,0,0,0,0,0,0,134100,84200,0,0,0,0,0,0,0,0,94900,0,0,0,0,0,0,0,0,0,134100,0,0,0,0,0,0,0,0,0,100640,92450,5878550,2320500
601360.SH,601360,20231213,92328000,0,0,0,0,0,,,0,0,0,0,0,95100,94900,0,0,0,0,0,0,0,0,0,134200,84200,0,0,0,0,0,0,0,0,94900,0,0,0,0,0,0,0,0,0,134200,0,0,0,0,0,0,0,0,0,100640,92450,5889350,2323800
601360.SH,601360,20231213,92331000,0,0,0,0,0,,,0,0,0,0,0,95100,94900,0,0,0,0,0,0,0,0,0,134300,84100,0,0,0,0,0,0,0,0,94900,0,0,0,0,0,0,0,0,0,134300,0,0,0,0,0,0,0,0,0,100640,92450,5896250,2327300
601360.SH,601360,20231213,92334000,0,0,0,0,0,,,0,0,0,0,0,95100,94900,0,0,0,0,0,0,0,0,0,134500,95100,0,0,0,0,0,0,0,0,94900,0,0,0,0,0,0,0,0,0,134500,0,0,0,0,0,0,0,0,0,100610,92450,5910950,2328000
601360.SH,601360,20231213,92337000,0,0,0,0,0,,,0,0,0,0,0,95100,94900,0,0,0,0,0,0,0,0,0,134500,96600,0,0,0,0,0,0,0,0,94900,0,0,0,0,0,0,0,0,0,134500,0,0,0,0,0,0,0,0,0,100610,92450,5914650,2328800
601360.SH,601360,20231213,92340000,0,0,0,0,0,,,0,0,0,0,0,95100,94900,0,0,0,0,0,0,0,0,0,134600,100200,0,0,0,0,0,0,0,0,94900,0,0,0,0,0,0,0,0,0,134600,0,0,0,0,0,0,0,0,0,100600,92460,5919050,2333500
601360.SH,601360,20231213,92343000,0,0,0,0,0,,,0,0,0,0,0,95100,94900,0,0,0,0,0,0,0,0,0,134800,100000,0,0,0,0,0,0,0,0,94900,0,0,0,0,0,0,0,0,0,134800,0,0,0,0,0,0,0,0,0,100590,92460,5943850,2333700
601360.SH,601360,20231213,92346000,0,0,0,0,0,,,0,0,0,0,0,95100,94900,0,0,0,0,0,0,0,0,0,149300,110600,0,0,0,0,0,0,0,0,94900,0,0,0,0,0,0,0,0,0,149300,0,0,0,0,0,0,0,0,0,100560,92480,5977350,2350700
601360.SH,601360,20231213,92349000,0,0,0,0,0,,,0,0,0,0,0,95100,94900,0,0,0,0,0,0,0,0,0,149300,110600,0,0,0,0,0,0,0,0,94900,0,0,0,0,0,0,0,0,0,149300,0,0,0,0,0,0,0,0,0,100550,92480,6008550,2350700
601360.SH,601360,20231213,92352000,0,0,0,0,0,,,0,0,0,0,0,95100,94900,0,0,0,0,0,0,0,0,0,149300,110600,0,0,0,0,0,0,0,0,94900,0,0,0,0,0,0,0,0,0,149300,0,0,0,0,0,0,0,0,0,100550,92480,6009550,2351200
601360.SH,601360,20231213,92355000,0,0,0,0,0,,,0,0,0,0,0,95100,94900,0,0,0,0,0,0,0,0,0,149300,114100,0,0,0,0,0,0,0,0,94900,0,0,0,0,0,0,0,0,0,149300,0,0,0,0,0,0,0,0,0,100550,92470,6018550,2357200
601360.SH,601360,20231213,92358000,0,0,0,0,0,,,0,0,0,0,0,95100,94900,0,0,0,0,0,0,0,0,0,154300,109300,0,0,0,0,0,0,0,0,94900,0,0,0,0,0,0,0,0,0,154300,0,0,0,0,0,0,0,0,0,100560,92480,6030550,2362900
601360.SH,601360,20231213,92401000,0,0,0,0,0,,,0,0,0,0,0,95100,94900,0,0,0,0,0,0,0,0,0,154300,109900,0,0,0,0,0,0,0,0,94900,0,0,0,0,0,0,0,0,0,154300,0,0,0,0,0,0,0,0,0,100560,92490,6035050,2373000
601360.SH,601360,20231213,92404000,0,0,0,0,0,,,0,0,0,0,0,95100,94900,0,0,0,0,0,0,0,0,0,176300,89900,0,0,0,0,0,0,0,0,94900,0,0,0,0,0,0,0,0,0,176300,0,0,0,0,0,0,0,0,0,100570,92510,6061450,2396500
601360.SH,601360,20231213,92407000,0,0,0,0,0,,,0,0,0,0,0,95100,94900,0,0,0,0,0,0,0,0,0,176300,139900,0,0,0,0,0,0,0,0,94900,0,0,0,0,0,0,0,0,0,176300,0,0,0,0,0,0,0,0,0,100520,92510,6126550,2396500
601360.SH,601360,20231213,92410000,0,0,0,0,0,,,0,0,0,0,0,95100,94900,0,0,0,0,0,0,0,0,0,183800,139600,0,0,0,0,0,0,0,0,94900,0,0,0,0,0,0,0,0,0,183800,0,0,0,0,0,0,0,0,0,100510,92520,6154450,2406400
601360.SH,601360,20231213,92413000,0,0,0,0,0,,,0,0,0,0,0,95100,94900,0,0,0,0,0,0,0,0,0,184600,140500,0,0,0,0,0,0,0,0,94900,0,0,0,0,0,0,0,0,0,184600,0,0,0,0,0,0,0,0,0,100510,92520,6157550,2409200
601360.SH,601360,20231213,92416000,0,0,0,0,0,,,0,0,0,0,0,95100,94900,0,0,0,0,0,0,0,0,0,184600,159800,0,0,0,0,0,0,0,0,94900,0,0,0,0,0,0,0,0,0,184600,0,0,0,0,0,0,0,0,0,100490,92520,6179250,2412400
601360.SH,601360,20231213,92419000,0,0,0,0,0,,,0,0,0,0,0,95100,94800,0,0,0,0,0,0,0,0,0,198500,16600,0,0,0,0,0,0,0,0,94800,0,0,0,0,0,0,0,0,0,198500,0,0,0,0,0,0,0,0,0,100440,92530,6237250,2436500
601360.SH,601360,20231213,92422000,0,0,0,0,0,,,0,0,0,0,0,95100,94800,0,0,0,0,0,0,0,0,0,198500,16700,0,0,0,0,0,0,0,0,94800,0,0,0,0,0,0,0,0,0,198500,0,0,0,0,0,0,0,0,0,100440,92530,6251150,2437800
601360.SH,601360,20231213,92425000,0,0,0,0,0,,,0,0,0,0,0,95100,94800,0,0,0,0,0,0,0,0,0,198500,29900,0,0,0,0,0,0,0,0,94800,0,0,0,0,0,0,0,0,0,198500,0,0,0,0,0,0,0,0,0,100430,92530,6266650,2441500
601360.SH,601360,20231213,92428000,0,0,0,0,0,,,0,0,0,0,0,95100,94800,0,0,0,0,0,0,0,0,0,214300,26900,0,0,0,0,0,0,0,0,94800,0,0,0,0,0,0,0,0,0,214300,0,0,0,0,0,0,0,0,0,100410,92550,6287550,2478400
601360.SH,601360,20231213,92431000,0,0,0,0,0,,,0,0,0,0,0,95100,94800,0,0,0,0,0,0,0,0,0,214300,30700,0,0,0,0,0,0,0,0,94800,0,0,0,0,0,0,0,0,0,214300,0,0,0,0,0,0,0,0,0,100410,92550,6331350,2483400
601360.SH,601360,20231213,92434000,0,0,0,0,0,,,0,0,0,0,0,95100,94800,0,0,0,0,0,0,0,0,0,223100,22800,0,0,0,0,0,0,0,0,94800,0,0,0,0,0,0,0,0,0,223100,0,0,0,0,0,0,0,0,0,100400,92550,6337550,2492300
601360.SH,601360,20231213,92437000,0,0,0,0,0,,,0,0,0,0,0,95100,94800,0,0,0,0,0,0,0,0,0,223100,35800,0,0,0,0,0,0,0,0,94800,0,0,0,0,0,0,0,0,0,223100,0,0,0,0,0,0,0,0,0,100390,92530,6352050,2542400
601360.SH,601360,20231213,92440000,0,0,0,0,0,,,0,0,0,0,0,95100,94800,0,0,0,0,0,0,0,0,0,224600,39300,0,0,0,0,0,0,0,0,94800,0,0,0,0,0,0,0,0,0,224600,0,0,0,0,0,0,0,0,0,100380,92530,6365150,2554700
601360.SH,601360,20231213,92443000,0,0,0,0,0,,,0,0,0,0,0,95100,94800,0,0,0,0,0,0,0,0,0,224600,43000,0,0,0,0,0,0,0,0,94800,0,0,0,0,0,0,0,0,0,224600,0,0,0,0,0,0,0,0,0,100380,92530,6383150,2557700
601360.SH,601360,20231213,92446000,0,0,0,0,0,,,0,0,0,0,0,95100,94800,0,0,0,0,0,0,0,0,0,226100,43200,0,0,0,0,0,0,0,0,94800,0,0,0,0,0,0,0,0,0,226100,0,0,0,0,0,0,0,0,0,100380,92530,6386550,2568300
601360.SH,601360,20231213,92449000,0,0,0,0,0,,,0,0,0,0,0,95100,94800,0,0,0,0,0,0,0,0,0,257700,22200,0,0,0,0,0,0,0,0,94800,0,0,0,0,0,0,0,0,0,257700,0,0,0,0,0,0,0,0,0,100360,92560,6403350,2607500
601360.SH,601360,20231213,92452000,0,0,0,0,0,,,0,0,0,0,0,95100,94800,0,0,0,0,0,0,0,0,0,262100,43800,0,0,0,0,0,0,0,0,94800,0,0,0,0,0,0,0,0,0,262100,0,0,0,0,0,0,0,0,0,100330,92560,6439150,2613100
601360.SH,601360,20231213,92455000,0,0,0,0,0,,,0,0,0,0,0,95100,94800,0,0,0,0,0,0,0,0,0,273300,77400,0,0,0,0,0,0,0,0,94800,0,0,0,0,0,0,0,0,0,273300,0,0,0,0,0,0,0,0,0,100290,92590,6492950,2629300
601360.SH,601360,20231213,92458000,0,0,0,0,0,,,0,0,0,0,0,95100,94800,0,0,0,0,0,0,0,0,0,343900,8300,0,0,0,0,0,0,0,0,94800,0,0,0,0,0,0,0,0,0,343900,0,0,0,0,0,0,0,0,0,100310,92710,6528750,2702700
601360.SH,601360,20231213,92501000,94800,0,0,254,0,,,366500,3474420,94800,94800,94800,95100,94800,94900,95000,95100,95200,95300,95400,95500,95600,95700,400,187300,2600,51600,5000,20600,5100,8600,10600,14400,94700,94600,94500,94400,94300,94200,94100,94000,93900,93800,25800,7600,15700,6800,15000,98100,129700,138100,36300,103200,100700,92250,6181050,2358800
601360.SH,601360,20231213,92501000,94800,0,0,254,0,,,366500,3474420,94800,94800,94800,95100,94800,94900,95000,95100,95200,95300,95400,95500,95600,95700,400,187300,2600,51600,5000,20600,5100,8600,10600,14400,94700,94600,94500,94400,94300,94200,94100,94000,93900,93800,25800,7600,15700,6800,15000,98100,129700,138100,36300,103200,100700,92250,6181050,2358800
601360.SH,601360,20231213,93001000,94700,0,0,269,0,,,376100,3565371,94800,94700,94800,95100,94800,94900,95000,95100,95200,95300,95400,95500,95600,95700,2000,176800,2600,51600,17900,20600,5100,8600,10600,14400,94700,94600,94500,94400,94300,94200,94100,94000,93900,93800,23300,7600,15700,6800,17500,88700,131700,138100,38600,96300,100690,92240,6203250,2355200
601360.SH,601360,20231213,93004000,94700,0,0,341,0,,,456600,4327772,94800,94600,94800,95100,94700,94800,94900,95000,95100,95200,95300,95400,95500,95600,13600,197448,132600,3100,53600,47800,26800,7100,17700,11500,94600,94500,94400,94300,94200,94100,94000,93900,93800,93700,12700,17800,10800,42600,91400,187500,158900,40900,398600,36500,100320,92460,6991898,2822000
601360.SH,601360,20231213,93007000,94600,0,0,442,0,,,583400,5528809,94800,94500,94800,95100,94600,94700,94800,94900,95000,95100,95200,95300,95400,95500,5800,5800,172948,131500,5000,54900,54900,26800,8200,18400,94500,94400,94300,94200,94100,94000,93900,93800,93700,93600,9800,9800,63500,96700,200200,168900,43300,419400,50700,40600,100230,92480,7452298,2983500
601360.SH,601360,20231213,93010000,94500,0,0,559,0,,,636600,6032247,94800,94500,94800,95100,94600,94700,94800,94900,95000,95100,95200,95300,95400,95500,3100,52200,221748,140300,9800,49300,65100,30800,8300,24800,94500,94400,94300,94200,94100,94000,93900,93800,93700,93600,9200,61400,99600,102100,206500,174000,49100,452200,53200,40600,100090,92530,7992698,3217400
601360.SH,601360,20231213,93013000,94500,0,0,694,0,,,810100,7675008,94800,94500,94800,95100,94600,94700,94800,94900,95000,95100,95200,95300,95400,95500,6200,15700,253048,141300,21500,51400,101300,50800,8300,27300,94500,94400,94300,94200,94100,94000,93900,93800,93700,93600,8800,61800,107200,103100,216400,193300,51400,463500,61700,45300,100010,92510,8333298,3571100
601360.SH,601360,20231213,93016000,94500,0,0,763,0,,,889800,8428213,94800,94400,94800,95100,94600,94700,94800,94900,95000,95100,95200,95300,95400,95500,61000,67800,277448,141700,16500,51500,108900,47500,28400,28400,94500,94400,94300,94200,94100,94000,93900,93800,93700,93600,500,68100,100900,114300,220600,205000,54400,468900,62400,45100,99870,92510,8784798,3688100
601360.SH,601360,20231213,93019000,94500,0,0,818,0,,,972700,9211617,94800,94400,94800,95100,94500,94600,94700,94800,94900,95000,95100,95200,95300,95400,6500,69900,70900,276348,134000,17000,53200,119700,49500,28400,94400,94300,94200,94100,94000,93900,93800,93700,93600,93500,57000,111000,121500,225300,211900,54400,469800,62400,45100,116800,99860,92530,8914298,3715000
601360.SH,601360,20231213,93022000,94500,0,0,916,0,,,1070800,10139206,94800,94400,94800,95100,94500,94600,94700,94800,94900,95000,95100,95200,95300,95400,63600,18600,82000,278248,134000,17000,53200,119500,49500,28400,94400,94300,94200,94100,94000,93900,93800,93700,93600,93500,61900,118300,122000,226300,216600,56400,469800,62400,45100,121500,99840,92540,8946398,3743600
601360.SH,601360,20231213,93025000,94500,0,0,983,0,,,1220700,11555890,94800,94400,94800,95100,94700,94800,94900,95000,95100,95200,95300,95400,95500,95600,84400,270948,134000,20900,53200,118000,49500,28400,34300,14300,94500,94400,94300,94200,94100,94000,93900,93800,93700,93600,161300,67900,118800,127000,226300,217500,56400,470100,62400,45100,99890,92630,8861598,3918100
601360.SH,601360,20231213,93028000,94700,0,0,1098,0,,,1459700,13820650,94800,94400,94800,95100,94800,94900,95000,95100,95200,95300,95400,95500,95600,95700,128648,130100,20900,53200,118000,49500,28400,34300,14300,37000,94700,94600,94500,94400,94300,94200,94100,94000,93900,93800,247200,11100,173700,71600,131200,127000,226300,221100,56500,470100,100030,92770,8638198,4209600
601360.SH,601360,20231213,93031000,94800,0,0,1202,0,,,1704948,16146145,94900,94400,94800,95100,94900,95000,95100,95200,95300,95400,95500,95600,95700,95800,75900,16400,53200,118000,55500,28400,34600,14300,37000,49900,94800,94700,94600,94500,94400,94300,94200,94100,94000,93900,743752,176200,16800,175600,68500,130700,128000,226800,221800,58100,100140,93050,8466050,4891952
601360.SH,601360,20231213,93034000,95100,0,0,1285,0,,,1854148,17562812,95100,94400,94800,95100,95100,95200,95300,95400,95500,95600,95700,95800,95900,96000,50600,118000,55500,28400,34600,14900,37700,51000,88600,200800,95000,94900,94800,94700,94600,94500,94400,94300,94200,94100,34700,453000,234700,81600,49500,173600,67700,129500,131700,220900,100210,93030,8364450,4808000
601360.SH,601360,20231213,93037000,95100,0,0,1328,0,,,1911448,18107742,95200,94400,94800,95100,95200,95300,95400,95500,95600,95700,95800,95900,96000,96100,93100,55500,30900,34600,14900,37700,51000,88600,200800,34600,95100,95000,94900,94800,94700,94600,94500,94400,94300,94200,114300,12500,417800,313400,72600,46000,181500,65000,129800,128900,100250,93080,8293350,4934200
601360.SH,601360,20231213,93040000,95200,0,0,1448,0,,,2061948,19540455,95300,94400,94800,95100,95200,95300,95400,95500,95600,95700,95800,95900,96000,96100,4900,52100,30900,34300,14900,37700,51000,88600,200900,34600,95100,95000,94900,94800,94700,94600,94500,94400,94300,94200,29900,13100,309300,129700,51300,46000,180500,64700,133600,129400,100310,92920,8208150,4542700
601360.SH,601360,20231213,93043000,95200,0,0,1541,0,,,2139148,20274999,95300,94400,94800,95100,95200,95300,95400,95500,95600,95700,95800,95900,96000,96100,22800,51600,28400,33300,22900,37700,51000,88800,200900,34600,95000,94900,94800,94700,94600,94500,94400,94300,94200,94100,7600,150000,129400,47100,47600,187400,64700,99000,129400,222100,100300,92820,8233250,4305300
601360.SH,601360,20231213,93046000,95000,0,0,1609,0,,,2199648,20850600,95300,94400,94800,95100,95000,95100,95200,95300,95400,95500,95600,95700,95800,95900,9500,37900,36600,58200,28400,33300,22900,37700,51000,88800,94900,94800,94700,94600,94500,94400,94300,94200,94100,94000,124000,136100,47100,47600,189900,61700,99000,129200,221100,225500,100250,92810,8312550,4281900
601360.SH,601360,20231213,93049000,95000,0,0,1696,0,,,2229748,21136405,95300,94400,94800,95100,95000,95100,95200,95300,95400,95500,95600,95700,95800,95900,34700,5500,62900,63100,23400,34500,22900,37700,51000,89800,94900,94800,94700,94600,94500,94400,94300,94200,94100,94000,115300,136100,49100,39900,196700,65200,99000,129200,221100,221900,100200,92800,8433750,4266200
601360.SH,601360,20231213,93052000,95200,0,0,1834,0,,,2377048,22535161,95300,94400,94800,95100,95200,95300,95400,95500,95600,95700,95800,95900,96000,96100,67700,63400,23400,34500,22900,37700,51000,89800,207700,34600,95000,94900,94800,94700,94600,94500,94400,94300,94200,94100,6700,42300,136000,49100,40900,196900,59900,96700,126900,221100,100220,92770,8410650,4190100
601360.SH,601360,20231213,93055000,95100,0,0,1859,0,,,2394048,22696670,95300,94400,94800,95100,95100,95200,95300,95400,95500,95600,95700,95800,95900,96000,20900,192200,65600,23400,34500,22900,37700,51000,89800,207700,95000,94900,94800,94700,94600,94500,94400,94300,94200,94100,13800,42800,141000,49100,41800,197900,59900,96500,126900,221100,100130,92770,8572950,4217300
601360.SH,601360,20231213,93058000,95200,0,0,1891,0,,,2430448,23042901,95300,94400,94800,95100,95200,95300,95400,95500,95600,95700,95800,95900,96000,96100,81100,68100,23400,35300,22900,37700,51000,89800,209100,35600,95100,95000,94900,94800,94700,94600,94500,94400,94300,94200,400,22100,43800,133600,49100,42800,194800,58900,84100,126900,100200,92770,8469550,4206200
601360.SH,601360,20231213,93101000,95100,0,0,1915,0,,,2461448,23337637,95300,94400,94800,95100,95100,95200,95300,95400,95500,95600,95700,95800,95900,96000,47300,83100,68400,23600,39100,22900,37700,52500,89800,209100,95000,94900,94800,94700,94600,94500,94400,94300,94200,94100,20000,43800,133300,42300,48700,193800,60900,82600,126900,221100,100170,92770,8553850,4208300
601360.SH,601360,20231213,93104000,95000,0,0,1937,0,,,2496148,23667600,95300,94400,94800,95100,95100,95200,95300,95400,95500,95600,95700,95800,95900,96000,43200,100000,68400,23600,40100,22900,37700,63500,92300,204200,95000,94900,94800,94700,94600,94500,94400,94300,94200,94100,25300,43300,129400,42300,48700,199800,60900,82600,126900,222100,100160,92770,8587150,4217900
601360.SH,601360,20231213,93107000,95100,0,0,1970,0,,,2523548,23928111,95300,94400,94800,95100,95100,95200,95300,95400,95500,95600,95700,95800,95900,96000,32600,108800,68400,26100,41100,22900,37700,63500,92300,203300,95000,94900,94800,94700,94600,94500,94400,94300,94200,94100,43900,48300,130500,38300,52700,200300,60900,84100,126900,222400,100160,92790,8621550,4242600
601360.SH,601360,20231213,93110000,95100,0,0,2044,0,,,2610348,24753058,95300,94400,94800,95100,95100,95200,95300,95400,95500,95600,95700,95800,95900,96000,8500,117300,68400,26100,60200,22900,37700,63600,95400,205600,95000,94900,94800,94700,94600,94500,94400,94300,94200,94100,9400,45400,72700,38300,52700,203100,60900,84100,126900,222400,100150,92740,8671950,4161200
601360.SH,601360,20231213,93113000,95100,0,0,2088,0,,,2660048,25225427,95300,94400,94800,95100,95000,95100,95200,95300,95400,95500,95600,95700,95800,95900,2000,9800,124200,82500,26100,60200,22900,37700,66100,96500,94900,94800,94700,94600,94500,94400,94300,94200,94100,94000,45300,66900,30800,52700,204000,60900,83100,126900,222400,231000,100130,92730,8711050,4138000
601360.SH,601360,20231213,93116000,95000,0,0,2159,0,,,2735548,25942835,95300,94400,94800,95100,95000,95100,95200,95300,95400,95500,95600,95700,95800,95900,7500,13700,135000,82500,28600,63000,22900,39300,63300,96500,94900,94800,94700,94600,94500,94400,94300,94200,94100,94000,40900,66900,30800,67200,205800,60900,88100,126900,222400,233000,100110,92740,8778550,4158600
601360.SH,601360,20231213,93119000,95000,0,0,2184,0,,,2759048,26166111,95300,94400,94800,95100,95100,95200,95300,95400,95500,95600,95700,95800,95900,96000,26800,134200,90600,28600,64200,22900,39300,63300,93000,213500,95000,94900,94800,94700,94600,94500,94400,94300,94200,94100,19000,41200,66900,30800,43600,208800,60900,83100,126900,222400,100100,92730,8817850,4191500
601360.SH,601360,20231213,93122000,95000,0,0,2203,0,,,2777948,26345664,95300,94400,94800,95100,95100,95200,95300,95400,95500,95600,95700,95800,95900,96000,34500,139100,90600,28600,64200,22900,39300,63300,93000,227800,95000,94900,94800,94700,94600,94500,94400,94300,94200,94100,80600,41800,67900,30800,45600,203900,66200,84100,126900,217300,100090,92760,8862050,4256000
601360.SH,601360,20231213,93125000,95000,0,0,2236,0,,,2810548,26655429,95300,94400,94800,95100,95100,95200,95300,95400,95500,95600,95700,95800,95900,96000,30300,141300,90600,28600,65400,22900,39300,64400,93000,231300,95000,94900,94800,94700,94600,94500,94400,94300,94200,94100,77400,41800,67900,33300,47600,204400,66800,84100,126900,217300,100080,92760,8898050,4256700
601360.SH,601360,20231213,93128000,95000,0,0,2283,0,,,2932948,27818279,95300,94400,94800,95100,95000,95100,95200,95300,95400,95500,95600,95700,95800,95900,7900,67600,136000,90600,28600,65400,22900,78000,64400,93000,94900,94800,94700,94600,94500,94400,94300,94200,94100,94000,41500,44500,33300,48500,196700,69600,83200,130900,219300,238100,100040,92710,8997750,4158300
601360.SH,601360,20231213,93131000,94900,0,0,2346,0,,,2996948,28425857,95300,94400,94800,95100,95000,95100,95200,95300,95400,95500,95600,95700,95800,95900,37100,75300,144500,90600,28600,65900,27900,78000,64400,93000,94800,94700,94600,94500,94400,94300,94200,94100,94000,93900,26700,47600,48500,198000,69600,83200,130900,219300,235600,50400,100010,92690,9071250,4137500
601360.SH,601360,20231213,93134000,94900,0,0,2358,0,,,3006848,28519783,95300,94400,94800,95100,94900,95000,95100,95200,95300,95400,95500,95600,95700,95800,39700,99000,96600,153800,90100,28900,71400,27900,79000,67100,94800,94700,94600,94500,94400,94300,94200,94100,94000,93900,14900,47600,58400,200200,69600,83200,130900,219800,236600,50400,99940,92690,9255550,4139900
601360.SH,601360,20231213,93137000,94800,0,0,2390,0,,,3094448,29350839,95300,94400,94800,95100,94800,94900,95000,95100,95200,95300,95400,95500,95600,95700,1400,36400,53300,97800,157800,90100,28900,72400,30400,79000,94700,94600,94500,94400,94300,94200,94100,94000,93900,93800,47800,56400,200200,69600,83200,131700,219800,236600,50400,469600,99970,92680,9231950,4126400
601360.SH,601360,20231213,93140000,94900,0,0,2402,0,,,3106548,29465589,95300,94400,94800,95100,94900,95000,95100,95200,95300,95400,95500,95600,95700,95800,36200,59600,83800,165200,85100,28900,69600,30400,79000,77800,94800,94700,94600,94500,94400,94300,94200,94100,94000,93900,5000,34300,58000,200200,69600,83200,131700,220300,241600,50400,99960,92680,9269850,4127300
601360.SH,601360,20231213,93143000,94900,0,0,2446,0,,,3186248,30220790,95300,94400,94800,95100,94900,95000,95100,95200,95300,95400,95500,95600,95700,95800,32400,63700,68600,158400,83700,29600,73600,30400,79500,77800,94800,94700,94600,94500,94400,94300,94200,94100,94000,93900,400,48400,66300,222200,70600,83200,131700,219800,242200,50400,99970,92700,9279050,4151200
601360.SH,601360,20231213,93146000,94900,0,0,2492,0,,,3243148,30760526,95300,94400,94800,95100,95000,95100,95200,95300,95400,95500,95600,95700,95800,95900,64900,90600,154200,85700,29600,75900,30400,79500,77800,94000,94900,94800,94700,94600,94500,94400,94300,94200,94100,94000,500,8400,29200,66300,222200,70600,82000,130700,219800,242400,99970,92690,9290150,4139200
601360.SH,601360,20231213,93149000,94800,0,0,2507,0,,,3266348,30980759,95300,94400,94800,95100,95000,95100,95200,95300,95400,95500,95600,95700,95800,95900,55800,90700,154900,65700,29600,85900,30400,79500,78200,76400,94800,94700,94600,94500,94400,94300,94200,94100,94000,93900,5400,31300,71300,221000,70600,83900,130700,219800,243200,50400,99990,92690,9269850,4143300
601360.SH,601360,20231213,93152000,94800,0,0,2528,0,,,3291148,31215778,95300,94400,94800,95100,94900,95000,95100,95200,95300,95400,95500,95600,95700,95800,10600,56300,90700,151400,65700,29600,85900,30400,77500,84200,94800,94700,94600,94500,94400,94300,94200,94100,94000,93900,6700,23800,69800,221000,67600,84000,131700,219800,243200,50400,99960,92690,9367750,4130500
601360.SH,601360,20231213,93155000,94800,0,0,2555,0,,,3303648,31334278,95300,94400,94800,95100,94800,94900,95000,95100,95200,95300,95400,95500,95600,95700,7400,14900,58700,90500,151400,61300,29600,84300,30400,77500,94700,94600,94500,94400,94300,94200,94100,94000,93900,93800,25900,69800,221100,68600,83700,128400,219700,242800,50400,471900,99960,92690,9385550,4125100
601360.SH,601360,20231213,93158000,94700,0,0,2630,0,,,3346148,31736904,95300,94400,94800,95100,94800,94900,95000,95100,95200,95300,95400,95500,95600,95700,182700,16500,59700,91600,144900,64200,29600,83300,30400,77500,94700,94600,94500,94400,94300,94200,94100,94000,93900,93800,2400,61000,201200,68600,83700,128400,219700,246800,50400,471900,99860,92660,9570450,4077200
601360.SH,601360,20231213,93201000,94800,0,0,2668,0,,,3479948,33005055,95300,94400,94800,95100,94800,94900,95000,95100,95200,95300,95400,95500,95600,95700,107900,26500,51200,92600,144600,74200,30600,83100,30400,77500,94600,94500,94400,94300,94200,94100,94000,93900,93800,93700,81100,209200,67600,83700,128400,219700,247300,50400,471900,62200,99890,92680,9523850,4102400
601360.SH,601360,20231213,93204000,94700,0,0,2692,0,,,3519948,33384090,95300,94400,94800,95100,94800,94900,95000,95100,95200,95300,95400,95500,95600,95700,92100,26200,52600,92600,144600,75300,30600,83600,30400,77500,94700,94600,94500,94400,94300,94200,94100,94000,93900,93800,36900,101600,211500,68100,83700,127400,220700,246900,50400,471400,99900,92700,9571450,4162700
601360.SH,601360,20231213,93207000,95000,0,0,2752,0,,,3620248,34335200,95300,94400,94800,95100,95000,95100,95200,95300,95400,95500,95600,95700,95800,95900,58700,92200,140600,75400,30600,85200,30400,77500,87400,77900,94900,94800,94700,94600,94500,94400,94300,94200,94100,94000,4200,59600,51300,102800,215700,68100,86700,127400,222700,247100,99960,92750,9467550,4256900
601360.SH,601360,20231213,93210000,94800,0,0,2802,0,,,3667248,34780911,95300,94400,94800,95100,95000,95100,95200,95300,95400,95500,95600,95700,95800,95900,80900,91700,139300,75400,30600,90300,30400,77500,87900,77900,94800,94700,94600,94500,94400,94300,94200,94100,94000,93900,18600,60300,100700,215700,68100,86700,127400,222700,247100,51400,99990,92730,9444650,4222200
601360.SH,601360,20231213,93213000,95000,0,0,2813,0,,,3680548,34907139,95300,94400,94800,95100,95000,95100,95200,95300,95400,95500,95600,95700,95800,95900,45200,91700,139300,76400,30600,90900,30400,77500,87900,77900,94900,94800,94700,94600,94500,94400,94300,94200,94100,94000,87300,23200,64400,117500,215700,68100,86700,127400,221400,250100,100000,92780,9427450,4347000
601360.SH,601360,20231213,93216000,95000,0,0,2925,0,,,3788648,35933927,95300,94400,94800,95100,95100,95200,95300,95400,95500,95600,95700,95800,95900,96000,91300,136200,90200,30600,90900,30400,77500,87900,77900,151300,95000,94900,94800,94700,94600,94500,94400,94300,94200,94100,15800,34200,29600,74100,103200,216000,68100,86700,127400,231400,100020,92730,9392650,4394400
601360.SH,601360,20231213,93219000,95000,0,0,2988,0,,,3928148,37260227,95300,94400,94800,95100,95200,95300,95400,95500,95600,95700,95800,95900,96000,96100,143700,90300,30600,91000,30400,77500,87900,77900,152300,39500,95000,94900,94800,94700,94600,94500,94400,94300,94200,94100,49400,40500,27100,50800,103700,218300,68100,86700,127400,231800,100070,92730,9330050,4417500
601360.SH,601360,20231213,93222000,95000,0,0,3021,0,,,3968848,37646923,95300,94400,94800,95100,95000,95100,95200,95300,95400,95500,95600,95700,95800,95900,22100,35400,167500,91100,30600,91000,30400,77500,87900,79900,94900,94800,94700,94600,94500,94400,94300,94200,94100,94000,3800,13800,53800,103700,219800,68100,86700,126600,232800,257800,100020,92690,9446850,4333600
601360.SH,601360,20231213,93225000,95000,0,0,3047,0,,,3993648,37882521,95300,94400,94800,95100,95000,95100,95200,95300,95400,95500,95600,95700,95800,95900,4200,36800,173000,91100,30600,96300,30400,77500,87900,79900,94900,94800,94700,94600,94500,94400,94300,94200,94100,94000,30000,33900,55700,104700,221000,68100,87800,125600,232800,257900,100000,92710,9512350,4396300
601360.SH,601360,20231213,93228000,95000,0,0,3081,0,,,4011448,38051538,95300,94400,94800,95100,95000,95100,95200,95300,95400,95500,95600,95700,95800,95900,5800,46400,174100,94000,31100,98300,30400,77500,87800,80300,94900,94800,94700,94600,94500,94400,94300,94200,94100,94000,88600,35200,62000,108900,219000,68600,87800,125600,234400,257900,99990,92750,9532250,4472200
601360.SH,601360,20231213,93231000,95000,0,0,3103,0,,,4027648,38205428,95300,94400,94800,95100,95100,95200,95300,95400,95500,95600,95700,95800,95900,96000,72400,174100,94000,31100,98300,30400,77500,87800,80300,153800,95000,94900,94800,94700,94600,94500,94400,94300,94200,94100,10500,93300,38800,62000,109400,224000,68600,88300,125600,235400,99990,92760,9615350,4497800
601360.SH,601360,20231213,93234000,95000,0,0,3133,0,,,4056748,38481939,95300,94400,94800,95100,95100,95200,95300,95400,95500,95600,95700,95800,95900,96000,60000,166700,94000,31100,98300,30400,71500,87800,80300,153800,95000,94900,94800,94700,94600,94500,94400,94300,94200,94100,20100,108800,33000,69000,109400,224500,69600,90200,124900,235400,100020,92760,9657050,4540600
601360.SH,601360,20231213,93237000,95000,0,0,3146,0,,,4063848,38549403,95300,94400,94800,95100,95100,95200,95300,95400,95500,95600,95700,95800,95900,96000,71800,166700,104000,33700,98100,30400,71500,88300,80300,153800,95000,94900,94800,94700,94600,94500,94400,94300,94200,94100,26700,109300,33000,84900,110900,225000,69600,90200,124900,230400,100010,92770,9696450,4566000
601360.SH,601360,20231213,93240000,95000,0,0,3168,0,,,4084648,38747011,95300,94400,94800,95100,95100,95200,95300,95400,95500,95600,95700,95800,95900,96000,68500,160700,89900,33700,97100,31400,72500,88300,80300,153800,95000,94900,94800,94700,94600,94500,94400,94300,94200,94100,19500,109000,33000,84900,110900,226000,69300,90200,124900,230400,100030,92770,9711550,4566600
601360.SH,601360,20231213,93243000,95000,0,0,3203,0,,,4122548,39107109,95300,94400,94800,95100,95000,95100,95200,95300,95400,95500,95600,95700,95800,95900,10000,78400,165700,89900,38700,97200,31400,76600,88300,80300,94900,94800,94700,94600,94500,94400,94300,94200,94100,94000,109000,38800,84900,110900,224800,69300,90200,124900,230400,264900,100010,92760,9851750,4564600
601360.SH,601360,20231213,93246000,95000,0,0,3211,0,,,4126948,39148909,95300,94400,94800,95100,95000,95100,95200,95300,95400,95500,95600,95700,95800,95900,14900,139800,163800,90100,46600,104100,31400,76600,88500,80300,94900,94800,94700,94600,94500,94400,94300,94200,94100,94000,100800,42000,85000,110900,225900,69300,90200,124900,230400,264300,99970,92760,9971050,4562000
601360.SH,601360,20231213,93249000,95000,0,0,3244,0,,,4148048,39349328,95300,94400,94800,95100,95000,95100,95200,95300,95400,95500,95600,95700,95800,95900,6900,140800,160800,91600,46600,104100,32100,76600,88500,80300,94900,94800,94700,94600,94500,94400,94300,94200,94100,94000,99700,42000,86000,110900,225900,70300,90200,124900,230400,269300,99970,92760,9980850,4564800
601360.SH,601360,20231213,93252000,94900,0,0,3280,0,,,4242348,40244495,95300,94400,94800,95100,95000,95100,95200,95300,95400,95500,95600,95700,95800,95900,42200,150400,163800,91600,46600,103900,32100,76600,87900,83300,94900,94800,94700,94600,94500,94400,94300,94200,94100,94000,33400,44300,88200,111300,226200,70900,90200,124900,230400,270300,99940,92720,10066350,4524800
601360.SH,601360,20231213,93255000,94900,0,0,3295,0,,,4273448,40539751,95300,94400,94800,95100,95000,95100,95200,95300,95400,95500,95600,95700,95800,95900,52700,152500,170400,91600,46600,103900,32100,76600,87300,83300,94900,94800,94700,94600,94500,94400,94300,94200,94100,94000,15500,43300,89500,115000,226800,70900,90200,124900,240400,270800,99930,92720,10101550,4513400
601360.SH,601360,20231213,93258000,94900,0,0,3313,0,,,4291448,40710573,95300,94400,94800,95100,94900,95000,95100,95200,95300,95400,95500,95600,95700,95800,5600,71700,151000,170400,91600,46600,103900,35500,76600,87300,94800,94700,94600,94500,94400,94300,94200,94100,94000,93900,43100,95800,98800,227800,70900,85500,124900,240400,270800,53800,99910,92710,10137350,4487100
601360.SH,601360,20231213,93301000,94900,0,0,3316,0,,,4292548,40721012,95300,94400,94800,95100,94900,95000,95100,95200,95300,95400,95500,95600,95700,95800,20700,68700,144200,170400,91600,46600,104400,35500,76600,87300,94800,94700,94600,94500,94400,94300,94200,94100,94000,93900,50100,97000,102000,227800,69500,85500,124900,245600,268900,53800,99910,92710,10164950,4501900
601360.SH,601360,20231213,93304000,94900,0,0,3353,0,,,4334748,41121457,95300,94400,94800,95100,95000,95100,95200,95300,95400,95500,95600,95700,95800,95900,67100,144200,158900,92500,46600,107700,35500,76600,87300,83900,94900,94800,94700,94600,94500,94400,94300,94200,94100,94000,139000,47600,96400,104000,228300,69500,85500,124900,246600,269100,99930,92780,10154250,4639800
601360.SH,601360,20231213,93307000,94900,0,0,3361,0,,,4350848,41274357,95300,94400,94800,95100,95000,95100,95200,95300,95400,95500,95600,95700,95800,95900,61100,136600,156100,82500,46600,107700,35500,76600,88300,91200,94900,94800,94700,94600,94500,94400,94300,94200,94100,94000,157500,48600,95200,104000,227800,74500,85500,124900,246600,269100,99940,92790,10138050,4668300
601360.SH,601360,20231213,93310000,94900,0,0,3371,0,,,4373348,41487883,95300,94400,94800,95100,95000,95100,95200,95300,95400,95500,95600,95700,95800,95900,65700,137600,156400,83800,46600,128600,35500,76600,89300,91200,94900,94800,94700,94600,94500,94400,94300,94200,94100,94000,135300,50600,95300,104300,228100,74500,85500,124900,246600,269100,99930,92780,10179750,4654900
601360.SH,601360,20231213,93313000,94800,0,0,3449,0,,,4545548,43121614,95300,94400,94800,95100,94800,94900,95000,95100,95200,95300,95400,95500,95600,95700,35800,174000,70200,134400,166400,83800,46600,136900,35500,76600,94700,94600,94500,94400,94300,94200,94100,94000,93900,93800,93700,104300,228900,74500,85500,124900,247100,269500,56900,469600,99830,92700,10411850,4469400
601360.SH,601360,20231213,93316000,94800,0,0,3456,0,,,4557848,43238218,95300,94400,94800,95100,94800,94900,95000,95100,95200,95300,95400,95500,95600,95700,14800,182200,102000,140700,166200,83800,47600,136900,35500,76600,94700,94600,94500,94400,94300,94200,94100,94000,93900,93800,85800,105500,228900,72000,85600,124900,247100,269900,56900,469600,99810,92690,10449750,4470200
601360.SH,601360,20231213,93319000,94600,0,0,3518,0,,,4652748,44136940,95300,94400,94800,95100,94700,94800,94900,95000,95100,95200,95300,95400,95500,95600,19300,49900,175800,111800,136800,166200,83800,47600,138100,35500,94600,94500,94400,94300,94200,94100,94000,93900,93800,93700,99700,228200,72000,85600,123500,247100,272300,56900,469600,67200,99790,92650,10511650,4379500
601360.SH,601360,20231213,93322000,94600,0,0,3564,0,,,4759748,45149173,95300,94400,94800,95100,94700,94800,94900,95000,95100,95200,95300,95400,95500,95600,81500,75700,115800,98900,122600,159000,82800,47600,199800,42900,94600,94500,94400,94300,94200,94100,94000,93900,93800,93700,100,227100,72000,85600,123500,247100,289100,56900,469600,67200,99760,92600,10581650,4296000
601360.SH,601360,20231213,93325000,94600,0,0,3584,0,,,4765648,45204987,95300,94400,94800,95100,94600,94700,94800,94900,95000,95100,95200,95300,95400,95500,29800,137300,69300,117200,70300,123700,159200,82800,47600,199800,94500,94400,94300,94200,94100,94000,93900,93800,93700,93600,227100,72000,85600,122000,247100,288600,56900,469600,67200,57400,99730,92600,10640750,4312000
601360.SH,601360,20231213,93328000,94500,0,0,3601,0,,,4780148,45342039,95300,94400,94800,95100,94600,94700,94800,94900,95000,95100,95200,95300,95400,95500,48900,102300,67900,116100,70300,137800,159200,82800,47600,199800,94500,94400,94300,94200,94100,94000,93900,93800,93700,93600,218600,73400,85600,122000,247100,288600,56900,469600,67200,57400,99740,92590,10659350,4307400
601360.SH,601360,20231213,93331000,94500,0,0,3675,0,,,4857848,46076901,95300,94400,94800,95100,94600,94700,94800,94900,95000,95100,95200,95300,95400,95500,90100,122000,67400,116200,65300,138500,159200,80800,47600,201200,94500,94400,94300,94200,94100,94000,93900,93800,93700,93600,192000,72400,85600,122000,247100,288600,56900,469600,67200,57400,99720,92570,10719450,4287900
601360.SH,601360,20231213,93334000,94500,0,0,3688,0,,,4886548,46348137,95300,94400,94800,95100,94600,94700,94800,94900,95000,95100,95200,95300,95400,95500,100100,119900,67400,116200,67800,136200,148700,80800,47600,201200,94500,94400,94300,94200,94100,94000,93900,93800,93700,93600,164400,73400,85200,125200,247700,299300,56900,469200,67200,57400,99720,92570,10724850,4274300
601360.SH,601360,20231213,93337000,94500,0,0,3707,0,,,4962548,47066366,95300,94400,94800,95100,94600,94700,94800,94900,95000,95100,95200,95300,95400,95500,102100,100700,67400,117500,60200,138200,148700,81800,47600,201200,94500,94400,94300,94200,94100,94000,93900,93800,93700,93600,100000,73900,86100,125200,251700,298300,56900,469300,67200,58400,99730,92540,10704350,4213200
601360.SH,601360,20231213,93340000,94500,0,0,3834,0,,,5097348,48340609,95300,94400,94800,95100,94500,94600,94700,94800,94900,95000,95100,95200,95300,95400,20200,79700,101700,67400,117600,64700,138300,148700,81800,47100,94400,94300,94200,94100,94000,93900,93800,93700,93600,93500,76600,86100,127600,254400,300300,56900,469300,67200,58400,117400,99730,92490,10711950,4135100
601360.SH,601360,20231213,93343000,94400,0,0,3855,0,,,5107848,48439812,95300,94400,94800,95100,94500,94600,94700,94800,94900,95000,95100,95200,95300,95400,57300,94700,88200,51500,104300,51100,134100,156600,81800,47100,94400,94300,94200,94100,94000,93900,93800,93700,93600,93500,76600,83400,127600,256100,298100,63300,469300,67200,58400,117400,99740,92490,10721150,4138400
601360.SH,601360,20231213,93346000,94400,0,0,3871,0,,,5137448,48719315,95300,94400,94800,95100,94500,94600,94700,94800,94900,95000,95100,95200,95300,95400,54700,95200,88200,51500,97500,50900,80600,156600,82500,47100,94400,94300,94200,94100,94000,93900,93800,93700,93600,93500,58100,72000,128900,256100,301400,63300,469300,67200,58400,117900,99770,92480,10666350,4116100
601360.SH,601360,20231213,93349000,94400,0,0,3904,0,,,5169448,49021431,95300,94400,94800,95100,94500,94600,94700,94800,94900,95000,95100,95200,95300,95400,63500,93700,89000,51500,97500,48900,80300,147600,79000,46800,94400,94300,94200,94100,94000,93900,93800,93700,93600,93500,57700,71100,129100,256900,301600,64300,471200,68900,58600,118600,99770,92480,10671150,4123500
601360.SH,601360,20231213,93352000,94400,0,0,3950,0,,,5209848,49402818,95300,94400,94800,95100,94500,94600,94700,94800,94900,95000,95100,95200,95300,95400,81100,88100,88000,51500,97100,48800,79900,148600,79000,46800,94400,94300,94200,94100,94000,93900,93800,93700,93600,93500,18100,80300,129600,259100,300600,64300,471600,68900,58600,119500,99760,92460,10686550,4097200
601360.SH,601360,20231213,93355000,94400,0,0,3997,0,,,5258248,49859740,95300,94400,94800,95100,94400,94500,94600,94700,94800,94900,95000,95100,95200,95300,73700,101000,90100,94300,51300,95800,88600,79900,148600,65200,94300,94200,94100,94000,93900,93800,93700,93600,93500,93400,103900,133000,259800,304400,64300,471600,68900,58600,119500,2900,99700,92470,10811650,4111900
601360.SH,601360,20231213,93358000,94400,0,0,4014,0,,,5284348,50106122,95300,94300,94800,95100,94400,94500,94600,94700,94800,94900,95000,95100,95200,95300,96900,94800,88500,93300,51300,95800,90000,79900,148700,65200,94300,94200,94100,94000,93900,93800,93700,93600,93500,93400,121400,135100,260000,306900,64300,472100,77700,58600,119500,2900,99690,92480,10838250,4140800
601360.SH,601360,20231213,93401000,94400,0,0,4068,0,,,5369048,50905561,95300,94300,94800,95100,94400,94500,94600,94700,94800,94900,95000,95100,95200,95300,35700,94000,88500,93300,51000,107900,90000,65800,188900,65200,94300,94200,94100,94000,93900,93800,93700,93600,93500,93400,108000,137400,260000,318300,64300,474000,83300,58700,120500,2900,99700,92480,10826250,4151600
601360.SH,601360,20231213,93404000,94400,0,0,4131,0,,,5457048,51736313,95300,94300,94800,95100,94500,94600,94700,94800,94900,95000,95100,95200,95300,95400,59200,87900,93800,51000,111900,89000,66300,188900,65200,46800,94400,94300,94200,94100,94000,93900,93800,93700,93600,93500,17500,116900,153000,261100,321900,64300,455700,83300,59700,121000,99740,92500,10766150,4184200
601360.SH,601360,20231213,93407000,94400,0,0,4164,0,,,5483548,51986483,95300,94300,94800,95100,94500,94600,94700,94800,94900,95000,95100,95200,95300,95400,34200,89400,94700,51000,111900,87900,66300,188900,65200,46800,94400,94300,94200,94100,94000,93900,93800,93700,93600,93500,18000,120500,203500,265800,345000,65300,456000,83300,59800,121000,99750,92530,10755050,4272300
601360.SH,601360,20231213,93410000,94400,0,0,4186,0,,,5508048,52217837,95300,94300,94800,95100,94500,94600,94700,94800,94900,95000,95100,95200,95300,95400,28100,88800,94700,51000,111900,87900,66300,188900,65200,46800,94400,94300,94200,94100,94000,93900,93800,93700,93600,93500,20000,121700,204900,269000,345000,65300,456000,83300,59800,121000,99770,92530,10777850,4280600
601360.SH,601360,20231213,93413000,94400,0,0,4242,0,,,5563348,52739919,95300,94300,94800,95100,94400,94500,94600,94700,94800,94900,95000,95100,95200,95300,1600,63400,85200,91500,47800,108700,87900,67800,188800,106200,94300,94200,94100,94000,93900,93800,93700,93600,93500,93400,105300,204900,269000,346600,65300,457200,83300,59800,121000,4000,99730,92510,10855050,4246700
601360.SH,601360,20231213,93416000,94400,0,0,4283,0,,,5591048,53001339,95300,94300,94800,95100,94400,94500,94600,94700,94800,94900,95000,95100,95200,95300,30500,64100,85700,91500,47800,108700,87900,67800,188800,106200,94300,94200,94100,94000,93900,93800,93700,93600,93500,93400,96600,202800,282900,353700,65800,457200,83300,59800,121000,4000,99720,92520,10894150,4372600
601360.SH,601360,20231213,93419000,94400,0,0,4329,0,,,5861048,55550049,95300,94300,94800,95100,94400,94500,94600,94700,94800,94900,95000,95100,95200,95300,38400,64900,85700,91500,34500,108700,87900,67800,185900,106100,94300,94200,94100,94000,93900,93800,93700,93600,93500,93400,93000,210400,242600,359500,66200,462000,83400,59800,122500,4500,99720,92520,10888250,4357900
601360.SH,601360,20231213,93422000,94400,0,0,4372,0,,,5910748,56018872,95300,94300,94800,95100,94400,94500,94600,94700,94800,94900,95000,95100,95200,95300,16400,62100,85700,91500,34500,108700,88900,66400,185900,106100,94300,94200,94100,94000,93900,93800,93700,93600,93500,93400,67000,217300,245600,364000,66400,464000,83500,59800,122500,4500,99740,92510,10902750,4351000
601360.SH,601360,20231213,93425000,94400,0,0,4395,0,,,5946648,56357738,95300,94300,94800,95100,94400,94500,94600,94700,94800,94900,95000,95100,95200,95300,3900,62300,85700,91500,37200,108700,88900,66400,185900,106300,94300,94200,94100,94000,93900,93800,93700,93600,93500,93400,87700,218400,244600,380200,66400,462500,83500,59800,122500,4500,99740,92520,10893550,4397300
601360.SH,601360,20231213,93428000,94400,0,0,4419,0,,,5959648,56480378,95300,94300,94800,95100,94400,94500,94600,94700,94800,94900,95000,95100,95200,95300,7000,73300,85700,91500,37900,108700,88900,66900,185400,106600,94300,94200,94100,94000,93900,93800,93700,93600,93500,93400,79900,224400,264600,380500,66900,463500,83500,59800,122500,4900,99740,92530,10909950,4428500
601360.SH,601360,20231213,93431000,94400,0,0,4476,0,,,6002348,56883160,95300,94300,94800,95100,94400,94500,94600,94700,94800,94900,95000,95100,95200,95300,54000,73300,85700,91500,37900,108700,89900,66900,185400,106600,94300,94200,94100,94000,93900,93800,93700,93600,93500,93400,63600,237000,264600,388300,78900,464000,83500,59800,123200,4900,99710,92540,10983250,4466200
601360.SH,601360,20231213,93434000,94400,0,0,4527,0,,,6109848,57897695,95300,94300,94800,95100,94500,94600,94700,94800,94900,95000,95100,95200,95300,95400,73600,91300,91500,35200,108700,89900,66900,182600,106600,46500,94400,94300,94200,94100,94000,93900,93800,93700,93600,93500,299000,163200,232500,265000,389100,82300,463200,83500,59800,123200,99730,92690,10934550,4865400
601360.SH,601360,20231213,93437000,94400,0,0,4600,0,,,6298848,59682659,95300,94300,94800,95100,94500,94600,94700,94800,94900,95000,95100,95200,95300,95400,6400,107600,91500,35200,96600,89900,67400,184400,106600,46500,94400,94300,94200,94100,94000,93900,93800,93700,93600,93500,204600,173900,228500,266500,388600,82300,441900,82900,59800,123200,99760,92650,10881350,4759100
601360.SH,601360,20231213,93440000,94400,0,0,4638,0,,,6347348,60140653,95300,94300,94800,95100,94500,94600,94700,94800,94900,95000,95100,95200,95300,95400,35900,107600,89500,43200,96600,89900,70400,184400,106600,46500,94400,94300,94200,94100,94000,93900,93800,93700,93600,93500,189300,172900,228500,266600,394300,83300,442400,82900,60800,123200,99740,92650,10927950,4762900
601360.SH,601360,20231213,93443000,94400,0,0,4661,0,,,6378248,60432388,95300,94300,94800,95100,94500,94600,94700,94800,94900,95000,95100,95200,95300,95400,45000,107600,89500,43200,96600,90900,48200,184400,106600,46500,94400,94300,94200,94100,94000,93900,93800,93700,93600,93500,161900,176600,229800,266600,391400,84300,441900,82900,60800,123200,99710,92640,11039250,4742300
601360.SH,601360,20231213,93446000,94400,0,0,4678,0,,,6402848,60664625,95300,94300,94800,95100,94500,94600,94700,94800,94900,95000,95100,95200,95300,95400,51100,107600,89500,43200,96600,90800,48400,184400,66600,46500,94400,94300,94200,94100,94000,93900,93800,93700,93600,93500,614400,176800,229800,266600,394200,85700,441500,84400,60800,123300,99710,92790,11048850,5203600
601360.SH,601360,20231213,93449000,94500,0,0,4693,0,,,6426748,60890277,95300,94300,94800,95100,94500,94600,94700,94800,94900,95000,95100,95200,95300,95400,4700,104400,89500,43200,96600,90800,48100,184400,66600,47100,94400,94300,94200,94100,94000,93900,93800,93700,93600,93500,612300,178600,229800,269600,394900,87000,446800,84400,60800,123300,99740,92790,10998650,5209000
601360.SH,601360,20231213,93452000,94400,0,0,4742,0,,,6551948,62072251,95300,94300,94800,95100,94500,94600,94700,94800,94900,95000,95100,95200,95300,95400,8700,103900,89500,43200,96600,90800,46600,182800,66700,47100,94400,94300,94200,94100,94000,93900,93800,93700,93600,93500,504200,167400,229800,269600,393400,88000,446800,84400,62300,123300,99740,92760,11003050,5091300
601360.SH,601360,20231213,93455000,94400,0,0,4764,0,,,6578748,62325396,95300,94300,94800,95100,94500,94600,94700,94800,94900,95000,95100,95200,95300,95400,6300,98300,89500,43200,96600,90800,46600,182800,66700,47100,94400,94300,94200,94100,94000,93900,93800,93700,93600,93500,502300,174100,232800,267600,392400,88000,449300,85400,62300,123300,99740,92760,11016150,5102600
601360.SH,601360,20231213,93458000,94400,0,0,4779,0,,,6618848,62704025,95300,94300,94800,95100,94500,94600,94700,94800,94900,95000,95100,95200,95300,95400,7900,48500,89500,43200,96600,91900,46800,179300,66700,47100,94400,94300,94200,94100,94000,93900,93800,93700,93600,93500,480000,171200,232800,267100,390500,88000,449300,85400,62300,123300,99770,92750,10970250,5079300
601360.SH,601360,20231213,93501000,94400,0,0,4810,0,,,6969548,66015665,95300,94300,94800,95100,94500,94600,94700,94800,94900,95000,95100,95200,95300,95400,53200,64400,88700,43200,96600,87000,60900,179300,66600,47100,94400,94300,94200,94100,94000,93900,93800,93700,93600,93500,224200,180100,232800,267400,393300,88500,450000,85400,60300,123300,99730,92660,11048350,4835200
601360.SH,601360,20231213,93504000,94400,0,0,4904,0,,,7218248,68363402,95300,94300,94800,95100,94400,94500,94600,94700,94800,94900,95000,95100,95200,95300,119300,51600,52900,88700,55300,96600,87000,60900,179300,66600,94300,94200,94100,94000,93900,93800,93700,93600,93500,93400,186100,233400,269700,393800,88500,450000,86400,61800,123300,5300,99680,92580,11169250,4615000
601360.SH,601360,20231213,93507000,94400,0,0,4933,0,,,7251748,68679544,95300,94300,94800,95100,94400,94500,94600,94700,94800,94900,95000,95100,95200,95300,139800,51300,38200,74900,55300,96600,87000,60900,179300,66600,94300,94200,94100,94000,93900,93800,93700,93600,93500,93400,211800,236400,269400,400000,88500,450000,86400,61800,124300,5300,99680,92590,11168350,4661000
601360.SH,601360,20231213,93510000,94400,0,0,4945,0,,,7256048,68720113,95300,94300,94800,95100,94400,94500,94600,94700,94800,94900,95000,95100,95200,95300,147100,61800,38200,74900,55300,96600,96400,60900,179300,66600,94300,94200,94100,94000,93900,93800,93700,93600,93500,93400,207100,231400,269400,401400,88500,449000,86400,61800,124300,5300,99670,92590,11209650,4651800
601360.SH,601360,20231213,93513000,94300,0,0,4973,0,,,7272548,68875789,95300,94300,94800,95100,94400,94500,94600,94700,94800,94900,95000,95100,95200,95300,142900,66000,38200,74900,55300,96600,99400,60900,179800,67000,94300,94200,94100,94000,93900,93800,93700,93600,93500,93400,219400,231400,304600,422000,88000,450300,86400,61800,124300,5300,99660,92610,11243050,4722500
601360.SH,601360,20231213,93516000,94300,0,0,4986,0,,,7294548,69083362,95300,94300,94800,95100,94400,94500,94600,94700,94800,94900,95000,95100,95200,95300,159200,66000,39200,75600,55300,96100,98700,60800,180400,67000,94300,94200,94100,94000,93900,93800,93700,93600,93500,93400,217100,231400,305600,427700,87100,448800,86400,51800,124400,5300,99650,92610,11260950,4706500
601360.SH,601360,20231213,93519000,94300,0,0,5003,0,,,7323348,69354968,95300,94300,94800,95100,94400,94500,94600,94700,94800,94900,95000,95100,95200,95300,162200,62500,39200,75600,55400,96100,99100,60800,180400,67000,94300,94200,94100,94000,93900,93800,93700,93600,93500,93400,209300,231400,299400,431500,108300,448800,86400,51800,124400,7800,99650,92610,11263650,4721100
601360.SH,601360,20231213,93522000,94300,0,0,5025,0,,,7420148,70267793,95300,94300,94800,95100,94400,94500,94600,94700,94800,94900,95000,95100,95200,95300,160000,45100,21800,67300,55400,96100,99100,60800,180100,67200,94300,94200,94100,94000,93900,93800,93700,93600,93500,93400,115200,237500,298400,432600,109000,448300,86400,52600,142800,7800,99670,92580,11228650,4658700
601360.SH,601360,20231213,93525000,94300,0,0,5058,0,,,7453848,70585673,95300,94300,94800,95100,94400,94500,94600,94700,94800,94900,95000,95100,95200,95300,133400,40100,21800,67300,55400,96100,99100,60800,180100,76000,94300,94200,94100,94000,93900,93800,93700,93600,93500,93400,108500,187900,299000,433600,109500,450800,86400,52600,143000,8000,99690,92560,11226650,4607400
601360.SH,601360,20231213,93528000,94300,0,0,5087,0,,,7482848,70859162,95300,94300,94800,95100,94400,94500,94600,94700,94800,94900,95000,95100,95200,95300,136000,41800,12300,67300,55400,96000,99100,60800,180100,76000,94300,94200,94100,94000,93900,93800,93700,93600,93500,93400,108900,273200,300200,437100,109500,450800,86400,55600,143000,8000,99690,92590,11225750,4700800
601360.SH,601360,20231213,93531000,94300,0,0,5115,0,,,7539648,71395042,95300,94300,94800,95100,94400,94500,94600,94700,94800,94900,95000,95100,95200,95300,71400,41800,12300,66800,55200,96000,99100,60800,165100,77100,94300,94200,94100,94000,93900,93800,93700,93600,93500,93400,90200,273200,298200,444900,109900,452800,93400,55600,146000,8000,99730,92560,11150450,4721100
601360.SH,601360,20231213,93534000,94300,0,0,5138,0,,,7567848,71660992,95300,94300,94800,95100,94400,94500,94600,94700,94800,94900,95000,95100,95200,95300,62300,43100,11800,66800,55200,97000,99100,59800,165100,77100,94300,94200,94100,94000,93900,93800,93700,93600,93500,93400,85900,272200,297000,444900,114900,453900,93400,54700,146000,8000,99730,92560,11146350,4726100
601360.SH,601360,20231213,93537000,94400,0,0,5250,0,,,7724948,73143356,95300,94300,94800,95100,94500,94600,94700,94800,94900,95000,95100,95200,95300,95400,25300,11700,66800,43100,97000,101600,63400,165100,77100,47100,94400,94300,94200,94100,94000,93900,93800,93700,93600,93500,1600,394500,274000,301200,448000,114500,458200,93400,54700,155700,99780,92670,11071950,5059700
601360.SH,601360,20231213,93540000,94500,0,0,5308,0,,,7804048,73890385,95300,94300,94800,95100,94500,94600,94700,94800,94900,95000,95100,95200,95300,95400,2500,32100,66800,43100,97000,102400,63400,165100,77100,47100,94400,94300,94200,94100,94000,93900,93800,93700,93600,93500,17700,414000,272300,301200,446100,114500,458200,93400,54700,155700,99780,92690,11073350,5092800
601360.SH,601360,20231213,93543000,94400,0,0,5368,0,,,7838648,74216996,95300,94300,94800,95100,94400,94500,94600,94700,94800,94900,95000,95100,95200,95300,40400,35400,32100,66800,43100,97000,102400,63400,165200,77100,94300,94200,94100,94000,93900,93800,93700,93600,93500,93400,386800,272500,293700,446600,114500,458200,93400,54700,156100,8500,99740,92670,11165950,5042400
601360.SH,601360,20231213,93546000,94400,0,0,5406,0,,,7886848,74671950,95300,94300,94800,95100,94400,94500,94600,94700,94800,94900,95000,95100,95200,95300,3800,51600,32100,66800,43100,97000,102400,64400,165200,69100,94300,94200,94100,94000,93900,93800,93700,93600,93500,93400,384600,270500,270500,447900,114500,458200,93600,55500,156100,8500,99750,92660,11140050,5020600
601360.SH,601360,20231213,93549000,94400,0,0,5459,0,,,7912248,74911726,95300,94300,94800,95100,94400,94500,94600,94700,94800,94900,95000,95100,95200,95300,5600,53900,32100,66800,43100,97000,107400,64400,165200,69100,94300,94200,94100,94000,93900,93800,93700,93600,93500,93400,387000,271000,272300,449200,115500,463300,93600,55500,160200,8500,99750,92660,11157750,5039000
601360.SH,601360,20231213,93552000,94300,0,0,5495,0,,,7948948,75258079,95300,94300,94800,95100,94400,94500,94600,94700,94800,94900,95000,95100,95200,95300,11900,60500,32100,66800,43100,97000,107400,64400,165200,69100,94300,94200,94100,94000,93900,93800,93700,93600,93500,93400,390500,273600,273300,453200,115500,463300,93600,55500,163200,8500,99740,92670,11170750,5056100
601360.SH,601360,20231213,93555000,94400,0,0,5523,0,,,7988548,75631693,95300,94300,94800,95100,94400,94500,94600,94700,94800,94900,95000,95100,95200,95300,10100,61700,32100,66800,43100,97000,107400,64400,165200,69100,94300,94200,94100,94000,93900,93800,93700,93600,93500,93400,392800,273800,273300,456600,125500,463300,93600,55500,163200,8500,99740,92670,11177250,5071200
601360.SH,601360,20231213,93558000,94400,0,0,5547,0,,,8051148,76222367,95300,94300,94800,95100,94400,94500,94600,94700,94800,94900,95000,95100,95200,95300,3000,63700,32100,66800,43100,97000,107400,64400,165200,69100,94300,94200,94100,94000,93900,93800,93700,93600,93500,93400,366800,275400,273300,460600,125500,463700,93600,55500,164400,8500,99750,92660,11178950,5060600
601360.SH,601360,20231213,93601000,94400,0,0,5561,0,,,8059948,76305404,95300,94300,94800,95100,94400,94500,94600,94700,94800,94900,95000,95100,95200,95300,200,68900,32100,66900,43100,97000,107400,64400,179000,70100,94300,94200,94100,94000,93900,93800,93700,93600,93500,93400,375900,281800,275300,460600,128000,463600,93600,55500,164400,8500,99750,92670,11222950,5081800
601360.SH,601360,20231213,93604000,94300,0,0,5583,0,,,8182248,77458811,95300,94300,94800,95100,94400,94500,94600,94700,94800,94900,95000,95100,95200,95300,84900,68900,32100,66900,43100,97000,107100,64400,179000,70100,94300,94200,94100,94000,93900,93800,93700,93600,93500,93400,267400,282400,275700,463100,131000,463700,93600,55500,164900,8500,99710,92630,11312350,4989700
601360.SH,601360,20231213,93607000,94400,0,0,5608,0,,,8201348,77639016,95300,94300,94800,95100,94400,94500,94600,94700,94800,94900,95000,95100,95200,95300,91200,79400,32100,58500,43100,97000,109300,64400,178900,70100,94300,94200,94100,94000,93900,93800,93700,93600,93500,93400,262500,282400,281500,463400,131000,464500,94600,54700,164900,8500,99720,92630,11359150,5004700
601360.SH,601360,20231213,93610000,94400,0,0,5620,0,,,8210948,77729563,95300,94300,94800,95100,94400,94500,94600,94700,94800,94900,95000,95100,95200,95300,89300,80000,32300,58500,43100,97000,109300,64400,178900,70100,94300,94200,94100,94000,93900,93800,93700,93600,93500,93400,277800,284100,280500,471500,131000,474500,94600,54700,164900,8500,99710,92640,11413150,5025300
601360.SH,601360,20231213,93613000,94400,0,0,5632,0,,,8268948,78276725,95300,94300,94800,95100,94400,94500,94600,94700,94800,94900,95000,95100,95200,95300,98100,80000,32300,58500,43100,97000,109300,64400,178900,70100,94300,94200,94100,94000,93900,93800,93700,93600,93500,93400,250700,287900,280800,472500,134100,474500,94600,54700,165400,8500,99710,92630,11422250,5019400
601360.SH,601360,20231213,93616000,94300,0,0,5643,0,,,8292848,78502132,95300,94300,94800,95100,94400,94500,94600,94700,94800,94900,95000,95100,95200,95300,172659,83600,30900,58500,43100,97000,109300,64400,178900,70100,94300,94200,94100,94000,93900,93800,93700,93600,93500,93400,230800,288400,280800,473500,134100,476700,94700,54700,166400,8500,99670,92620,11505209,5009300
601360.SH,601360,20231213,93619000,94400,0,0,5654,0,,,8303548,78603058,95300,94300,94800,95100,94400,94500,94600,94700,94800,94900,95000,95100,95200,95300,197859,75700,30900,58100,43100,97000,110300,69400,178900,70100,94300,94200,94100,94000,93900,93800,93700,93600,93500,93400,228400,288600,280800,472900,144000,478700,94700,54700,167300,8500,99660,92620,11552009,5026900
601360.SH,601360,20231213,93622000,94400,0,0,5671,0,,,8401948,79531133,95300,94300,94800,95100,94400,94500,94600,94700,94800,94900,95000,95100,95200,95300,180559,73700,30900,58100,43100,97000,110300,69200,178900,70100,94300,94200,94100,94000,93900,93800,93700,93600,93500,93400,148000,285600,281000,474200,149400,479300,94700,54700,168300,8500,99670,92580,11542209,4988500
601360.SH,601360,20231213,93625000,94400,0,0,5683,0,,,8413748,79642449,95300,94300,94800,95100,94400,94500,94600,94700,94800,94900,95000,95100,95200,95300,193559,73200,30900,58100,43100,97000,110400,69200,178900,73400,94300,94200,94100,94000,93900,93800,93700,93600,93500,93400,584300,282500,281000,479100,152400,479000,94700,54700,168300,8500,99660,92720,11580309,5431200
601360.SH,601360,20231213,93628000,94300,0,0,5717,0,,,8468748,80161198,95300,94300,94800,95100,94400,94500,94600,94700,94800,94900,95000,95100,95200,95300,157259,69100,30900,58100,43100,97000,110400,69200,178900,73400,94300,94200,94100,94000,93900,93800,93700,93600,93500,93400,543500,282500,281200,478100,152900,479200,94700,54700,173300,8500,99690,92710,11606709,5397200
601360.SH,601360,20231213,93631000,94300,0,0,5745,0,,,8494648,80405539,95300,94300,94800,95100,94400,94500,94600,94700,94800,94900,95000,95100,95200,95300,149259,70100,30900,58100,43100,97000,110400,71300,208900,73400,94300,94200,94100,94000,93900,93800,93700,93600,93500,93400,533600,277600,281700,483500,152900,479200,94700,55300,173300,8500,99680,92710,11656909,5394700
601360.SH,601360,20231213,93634000,94400,0,0,5771,0,,,8509548,80546090,95300,94300,94800,95100,94400,94500,94600,94700,94800,94900,95000,95100,95200,95300,117259,71500,30900,58100,43100,97000,110800,71300,209000,73400,94300,94200,94100,94000,93900,93800,93700,93600,93500,93400,545300,277600,281700,482000,153200,479200,94700,55400,173300,8500,99700,92710,11633709,5406300
601360.SH,601360,20231213,93637000,94300,0,0,5814,0,,,8564248,81062170,95300,94300,94800,95100,94400,94500,94600,94700,94800,94900,95000,95100,95200,95300,58000,71500,30900,58100,43100,97000,110800,83400,209000,73400,94300,94200,94100,94000,93900,93800,93700,93600,93500,93400,526400,277600,281700,474000,153200,482000,94700,55400,173300,8500,99720,92710,11616850,5381600
601360.SH,601360,20231213,93640000,94300,0,0,5835,0,,,8579548,81206510,95300,94300,94800,95100,94400,94500,94600,94700,94800,94900,95000,95100,95200,95300,55300,71500,30900,60500,43100,95200,110800,83400,209000,73400,94300,94200,94100,94000,93900,93800,93700,93600,93500,93400,560200,278300,281700,474000,153200,482000,94700,55400,173700,8500,99720,92720,11636350,5417100
601360.SH,601360,20231213,93643000,94300,0,0,5862,0,,,8604748,81444220,95300,94300,94800,95100,94400,94500,94600,94700,94800,94900,95000,95100,95200,95300,61300,83300,32900,60400,43100,95200,110800,83400,195200,73400,94300,94200,94100,94000,93900,93800,93700,93600,93500,93400,551900,278300,276700,478700,153900,483400,94700,55400,173700,8500,99710,92710,11640350,5413100
601360.SH,601360,20231213,93646000,94300,0,0,5886,0,,,8685648,82207123,95300,94300,94800,95100,94400,94500,94600,94700,94800,94900,95000,95100,95200,95300,66100,83300,32900,60400,43100,95200,110800,83400,195200,73600,94300,94200,94100,94000,93900,93800,93700,93600,93500,93400,577100,278000,281700,479700,154200,483400,94700,55400,173700,8500,99710,92720,11648350,5447400
601360.SH,601360,20231213,93649000,94300,0,0,5901,0,,,8707048,82408962,95300,94300,94800,95100,94400,94500,94600,94700,94800,94900,95000,95100,95200,95300,63900,83500,32900,60400,43100,95200,111200,83400,197200,73600,94300,94200,94100,94000,93900,93800,93700,93600,93500,93400,565200,278300,280500,480100,156800,483400,94700,55400,173900,8500,99720,92720,11641250,5439300
601360.SH,601360,20231213,93652000,94300,0,0,5936,0,,,8738607,82706681,95300,94300,94800,95100,94400,94500,94600,94700,94800,94900,95000,95100,95200,95300,93100,83500,30800,60300,43100,95200,111200,81900,197200,73600,94300,94200,94100,94000,93900,93800,93700,93600,93500,93400,557941,275200,280900,474300,157800,483400,94700,54900,173900,8500,99710,92710,11675450,5425041
601360.SH,601360,20231213,93655000,94300,0,0,5957,0,,,8773307,83033988,95300,94300,94800,95100,94400,94500,94600,94700,94800,94900,95000,95100,95200,95300,89800,83500,34300,60300,43100,95200,111200,82500,197200,73600,94300,94200,94100,94000,93900,93800,93700,93600,93500,93400,533841,273300,280900,478000,157800,484900,94700,54900,173900,6000,99710,92700,11676550,5407241
601360.SH,601360,20231213,93658000,94300,0,0,5973,0,,,8787307,83166080,95300,94300,94800,95100,94400,94500,94600,94700,94800,94900,95000,95100,95200,95300,84200,83500,34300,61500,43100,95200,112100,82500,197200,73600,94300,94200,94100,94000,93900,93800,93700,93600,93500,93400,520041,276900,284600,478100,162800,486200,94700,55100,173900,6000,99710,92700,11674750,5408441
601360.SH,601360,20231213,93701000,94400,0,0,5991,0,,,8806907,83351047,95300,94300,94800,95100,94400,94500,94600,94700,94800,94900,95000,95100,95200,95300,70500,84300,34300,61500,43100,95200,112100,81900,197200,73600,94300,94200,94100,94000,93900,93800,93700,93600,93500,93400,516341,278100,284600,489800,162800,486200,94700,55100,173900,6000,99720,92710,11667750,5418041
601360.SH,601360,20231213,93704000,94300,0,0,6005,0,,,8826107,83532169,95300,94300,94800,95100,94400,94500,94600,94700,94800,94900,95000,95100,95200,95300,66700,81600,34300,62100,48600,95200,112200,81900,197200,73600,94300,94200,94100,94000,93900,93800,93700,93600,93500,93400,515041,278900,285100,483300,162800,487800,94700,55100,174000,6000,99720,92700,11691750,5435341
601360.SH,601360,20231213,93707000,94300,0,0,6069,0,,,8866707,83915216,95300,94300,94800,95100,94400,94500,94600,94700,94800,94900,95000,95100,95200,95300,29100,81700,34300,62100,48600,95200,112900,81900,197200,73600,94300,94200,94100,94000,93900,93800,93700,93600,93500,93400,504641,278900,285100,484300,162800,492100,94700,55100,174000,6000,99730,92700,11655550,5458841
601360.SH,601360,20231213,93710000,94400,0,0,6117,0,,,8936707,84575639,95300,94300,94800,95100,94400,94500,94600,94700,94800,94900,95000,95100,95200,95300,13600,81700,34300,62100,48600,95200,112900,82700,197200,73600,94300,94200,94100,94000,93900,93800,93700,93600,93500,93400,477841,279900,285600,482900,162800,492100,94700,55100,174000,6000,99740,92700,11641650,5422941
601360.SH,601360,20231213,93713000,94300,0,0,6140,0,,,8970107,84890711,95300,94300,94800,95100,94400,94500,94600,94700,94800,94900,95000,95100,95200,95300,9100,81700,34300,62100,48600,95200,112900,82700,197200,76200,94300,94200,94100,94000,93900,93800,93700,93600,93500,93400,474141,282000,285600,475600,162800,492100,94700,55100,174300,6000,99740,92690,11654150,5414341
601360.SH,601360,20231213,93716000,94400,0,0,6157,0,,,8987707,85056746,95300,94300,94800,95100,94400,94500,94600,94700,94800,94900,95000,95100,95200,95300,14100,81700,34300,62100,48600,95200,112900,82700,197200,76200,94300,94200,94100,94000,93900,93800,93700,93600,93500,93400,456841,295200,286600,473500,163300,492100,95000,55100,179300,6000,99730,92690,11693650,5436341
601360.SH,601360,20231213,93719000,94400,0,0,6172,0,,,9000307,85175653,95300,94300,94800,95100,94400,94500,94600,94700,94800,94900,95000,95100,95200,95300,9400,81800,34300,62100,48600,95200,112900,82700,197200,76200,94300,94200,94100,94000,93900,93800,93700,93600,93500,93400,461741,293600,286600,474100,162900,493100,95000,55100,179300,6000,99730,92690,11689450,5435941
601360.SH,601360,20231213,93722000,94400,0,0,6193,0,,,9022007,85380436,95300,94300,94800,95100,94400,94500,94600,94700,94800,94900,95000,95100,95200,95300,1900,81800,34300,62100,48600,95900,112900,82700,197200,76200,94300,94200,94100,94000,93900,93800,93700,93600,93500,93400,485241,293600,286600,469100,162900,493100,95000,55100,179300,6000,99740,92700,11703250,5454741
601360.SH,601360,20231213,93725000,94300,0,0,6214,0,,,9045907,85606071,95300,94300,94800,95100,94500,94600,94700,94800,94900,95000,95100,95200,95300,95400,67800,34300,62100,48600,95900,112900,82700,197200,76200,48200,94300,94200,94100,94000,93900,93800,93700,93600,93500,93400,490141,297400,286100,468700,162900,498100,95000,55600,179300,6000,99740,92700,11666150,5492841
601360.SH,601360,20231213,93728000,94400,0,0,6245,0,,,9141507,86507692,95300,94300,94800,95100,94500,94600,94700,94800,94900,95000,95100,95200,95300,95400,76100,34300,63100,48600,95900,116700,82700,197200,76200,48200,94400,94300,94200,94100,94000,93900,93800,93700,93600,93500,2400,408641,299500,286100,469700,163100,498900,95000,55600,179300,99740,92670,11690450,5437541
601360.SH,601360,20231213,93731000,94400,0,0,6266,0,,,9148607,86574717,95300,94300,94800,95100,94500,94600,94700,94800,94900,95000,95100,95200,95300,95400,87800,39200,63100,48600,95900,116700,82700,197200,76200,48200,94400,94300,94200,94100,94000,93900,93800,93700,93600,93500,4000,425841,299500,286100,470200,163100,500900,95000,55600,179400,99730,92670,11712650,5474441
601360.SH,601360,20231213,93734000,94300,0,0,6296,0,,,9188207,86948273,95300,94300,94800,95100,94400,94500,94600,94700,94800,94900,95000,95100,95200,95300,3600,94800,39000,63100,48600,95900,116700,82700,197200,76200,94300,94200,94100,94000,93900,93800,93700,93600,93500,93400,395641,299500,286700,474800,163100,503900,97000,55600,179900,8000,99720,92660,11725550,5459141
601360.SH,601360,20231213,93737000,94400,0,0,6312,0,,,9200107,87060590,95300,94300,94800,95100,94400,94500,94600,94700,94800,94900,95000,95100,95200,95300,6900,95600,48100,63100,48600,95900,116700,82700,197200,76200,94300,94200,94100,94000,93900,93800,93700,93600,93500,93400,388541,309500,286700,475000,166100,501600,98000,55600,190100,8000,99720,92670,11739350,5474641
601360.SH,601360,20231213,93740000,94400,0,0,6329,0,,,9218307,87232345,95300,94300,94800,95100,94400,94500,94600,94700,94800,94900,95000,95100,95200,95300,7500,93800,48600,63100,48600,95900,114700,82700,197200,76200,94300,94200,94100,94000,93900,93800,93700,93600,93500,93400,389741,309500,286700,477500,169600,501600,98400,55600,190100,8000,99720,92670,11736750,5484341
601360.SH,601360,20231213,93743000,94400,0,0,6350,0,,,9232107,87362615,95300,94300,94800,95100,94400,94500,94600,94700,94800,94900,95000,95100,95200,95300,6900,93800,48600,63100,48600,95900,114700,82700,197200,77300,94300,94200,94100,94000,93900,93800,93700,93600,93500,93400,503441,309000,293200,478000,169600,501500,98400,55600,189900,8000,99730,92700,11770150,5604741
601360.SH,601360,20231213,93746000,94400,0,0,6378,0,,,9302407,88025934,95300,94300,94800,95100,94400,94500,94600,94700,94800,94900,95000,95100,95200,95300,33100,93700,48600,63100,49700,95900,116700,82700,197200,77300,94300,94200,94100,94000,93900,93800,93700,93600,93500,93400,466341,309000,293200,477300,169600,503500,98400,55600,189900,8000,99710,92690,11804350,5568141
601360.SH,601360,20231213,93749000,94500,0,0,6404,0,,,9353307,88506396,95300,94300,94800,95100,94500,94600,94700,94800,94900,95000,95100,95200,95300,95400,93700,48600,63100,50000,95900,116700,82700,197200,77300,48100,94400,94300,94200,94100,94000,93900,93800,93700,93600,93500,44500,466941,309300,290400,481800,173600,505000,98400,55600,184900,99730,92710,11796750,5618041
601360.SH,601360,20231213,93752000,94400,0,0,6413,0,,,9367807,88643278,95300,94300,94800,95100,94500,94600,94700,94800,94900,95000,95100,95200,95300,95400,113100,47900,63100,50000,95900,119200,85100,197200,77200,48100,94400,94300,94200,94100,94000,93900,93800,93700,93600,93500,38000,484541,309300,290400,481900,183600,505000,98400,55600,184900,99720,92710,11824250,5638241
601360.SH,601360,20231213,93755000,94500,0,0,6429,0,,,9380707,88765084,95300,94300,94800,95100,94500,94600,94700,94800,94900,95000,95100,95200,95300,95400,122500,40200,63100,50000,95900,119400,85100,156400,77500,48100,94400,94300,94200,94100,94000,93900,93800,93700,93600,93500,34500,482541,309800,292400,481900,184200,505000,98400,56600,184900,99730,92710,11791450,5638141
601360.SH,601360,20231213,93758000,94400,0,0,6453,0,,,9411607,89056924,95300,94300,94800,95100,94500,94600,94700,94800,94900,95000,95100,95200,95300,95400,105900,42100,66800,50000,95900,119400,85100,158800,77500,48100,94400,94300,94200,94100,94000,93900,93800,93700,93600,93500,56500,484041,308300,292900,481700,185200,505000,98400,56600,185700,99740,92720,11776350,5662241
601360.SH,601360,20231213,93801000,94500,0,0,6499,0,,,9477007,89674511,95300,94300,94800,95100,94500,94600,94700,94800,94900,95000,95100,95200,95300,95400,95100,42100,66800,50000,95900,119400,85100,158800,77500,48100,94400,94300,94200,94100,94000,93900,93800,93700,93600,93500,20000,484841,317400,294400,482700,185900,505000,98400,56600,186800,99740,92710,11766550,5646241
601360.SH,601360,20231213,93804000,94500,0,0,6518,0,,,9493207,89827549,95300,94300,94800,95100,94500,94600,94700,94800,94900,95000,95100,95200,95300,95400,101600,42100,64600,50000,95900,119000,85100,158800,77500,48100,94400,94300,94200,94100,94000,93900,93800,93700,93600,93500,52900,483541,331000,295400,483700,185900,505900,98400,56600,186800,99740,92730,11771450,5695041
