万得代码,交易所代码,自然日,时间,成交价,成交量,成交额,成交笔数,IOPV,成交标志,BS标志,当日累计成交量,当日成交额,最高价,最低价,开盘价,前收盘,申卖价1,申卖价2,申卖价3,申卖价4,申卖价5,申卖价6,申卖价7,申卖价8,申卖价9,申卖价10,申卖量1,申卖量2,申卖量3,申卖量4,申卖量5,申卖量6,申卖量7,申卖量8,申卖量9,申卖量10,申买价1,申买价2,申买价3,申买价4,申买价5,申买价6,申买价7,申买价8,申买价9,申买价10,申买量1,申买量2,申买量3,申买量4,申买量5,申买量6,申买量7,申买量8,申买量9,申买量10,加权平均叫卖价,加权平均叫买价,叫卖总量,叫买总量
000001.SZ,000001,20231213,91500000,0,0,0,0,0,,,0,0,0,0,0,94200,94200,0,0,0,0,0,0,0,0,0,700,0,0,0,0,0,0,0,0,0,94200,0,0,0,0,0,0,0,0,0,700,500,0,0,0,0,0,0,0,0,0,0,0,0
000001.SZ,000001,20231213,91500000,0,0,0,0,0,,,0,0,0,0,0,94200,94200,0,0,0,0,0,0,0,0,0,700,0,0,0,0,0,0,0,0,0,94200,0,0,0,0,0,0,0,0,0,700,500,0,0,0,0,0,0,0,0,0,0,0,0
000001.SZ,000001,20231213,91509000,0,0,0,0,0,,,0,0,0,0,0,94200,94300,0,0,0,0,0,0,0,0,0,14600,0,0,0,0,0,0,0,0,0,94300,0,0,0,0,0,0,0,0,0,14600,18200,0,0,0,0,0,0,0,0,0,0,0,0
000001.SZ,000001,20231213,91518000,0,0,0,0,0,,,0,0,0,0,0,94200,94300,0,0,0,0,0,0,0,0,0,21800,0,0,0,0,0,0,0,0,0,94300,0,0,0,0,0,0,0,0,0,21800,11000,0,0,0,0,0,0,0,0,0,0,0,0
000001.SZ,000001,20231213,91536000,0,0,0,0,0,,,0,0,0,0,0,94200,94300,0,0,0,0,0,0,0,0,0,21800,0,0,0,0,0,0,0,0,0,94300,0,0,0,0,0,0,0,0,0,21800,11900,0,0,0,0,0,0,0,0,0,0,0,0
000001.SZ,000001,20231213,91545000,0,0,0,0,0,,,0,0,0,0,0,94200,94300,0,0,0,0,0,0,0,0,0,22200,0,0,0,0,0,0,0,0,0,94300,0,0,0,0,0,0,0,0,0,22200,11800,0,0,0,0,0,0,0,0,0,0,0,0
000001.SZ,000001,20231213,91554000,0,0,0,0,0,,,0,0,0,0,0,94200,94300,0,0,0,0,0,0,0,0,0,18200,0,0,0,0,0,0,0,0,0,94300,0,0,0,0,0,0,0,0,0,18200,16300,0,0,0,0,0,0,0,0,0,0,0,0
000001.SZ,000001,20231213,91603000,0,0,0,0,0,,,0,0,0,0,0,94200,94500,0,0,0,0,0,0,0,0,0,45700,31400,0,0,0,0,0,0,0,0,94500,0,0,0,0,0,0,0,0,0,45700,0,0,0,0,0,0,0,0,0,0,0,0,0
000001.SZ,000001,20231213,91612000,0,0,0,0,0,,,0,0,0,0,0,94200,94500,0,0,0,0,0,0,0,0,0,45700,36400,0,0,0,0,0,0,0,0,94500,0,0,0,0,0,0,0,0,0,45700,0,0,0,0,0,0,0,0,0,0,0,0,0
000001.SZ,000001,20231213,91621000,0,0,0,0,0,,,0,0,0,0,0,94200,94500,0,0,0,0,0,0,0,0,0,45700,38700,0,0,0,0,0,0,0,0,94500,0,0,0,0,0,0,0,0,0,45700,0,0,0,0,0,0,0,0,0,0,0,0,0
000001.SZ,000001,20231213,91630000,0,0,0,0,0,,,0,0,0,0,0,94200,94500,0,0,0,0,0,0,0,0,0,45700,39600,0,0,0,0,0,0,0,0,94500,0,0,0,0,0,0,0,0,0,45700,0,0,0,0,0,0,0,0,0,0,0,0,0
000001.SZ,000001,20231213,91639000,0,0,0,0,0,,,0,0,0,0,0,94200,94500,0,0,0,0,0,0,0,0,0,85300,0,0,0,0,0,0,0,0,0,94500,0,0,0,0,0,0,0,0,0,85300,4700,0,0,0,0,0,0,0,0,0,0,0,0
000001.SZ,000001,20231213,91648000,0,0,0,0,0,,,0,0,0,0,0,94200,94500,0,0,0,0,0,0,0,0,0,85300,0,0,0,0,0,0,0,0,0,94500,0,0,0,0,0,0,0,0,0,85300,4600,0,0,0,0,0,0,0,0,0,0,0,0
000001.SZ,000001,20231213,91657000,0,0,0,0,0,,,0,0,0,0,0,94200,94500,0,0,0,0,0,0,0,0,0,94600,12400,0,0,0,0,0,0,0,0,94500,0,0,0,0,0,0,0,0,0,94600,0,0,0,0,0,0,0,0,0,0,0,0,0
000001.SZ,000001,20231213,91706000,0,0,0,0,0,,,0,0,0,0,0,94200,94500,0,0,0,0,0,0,0,0,0,94900,12100,0,0,0,0,0,0,0,0,94500,0,0,0,0,0,0,0,0,0,94900,0,0,0,0,0,0,0,0,0,0,0,0,0
000001.SZ,000001,20231213,91715000,0,0,0,0,0,,,0,0,0,0,0,94200,94500,0,0,0,0,0,0,0,0,0,53600,53400,0,0,0,0,0,0,0,0,94500,0,0,0,0,0,0,0,0,0,53600,0,0,0,0,0,0,0,0,0,0,0,0,0
000001.SZ,000001,20231213,91724000,0,0,0,0,0,,,0,0,0,0,0,94200,94500,0,0,0,0,0,0,0,0,0,60300,46700,0,0,0,0,0,0,0,0,94500,0,0,0,0,0,0,0,0,0,60300,0,0,0,0,0,0,0,0,0,0,0,0,0
000001.SZ,000001,20231213,91733000,0,0,0,0,0,,,0,0,0,0,0,94200,94500,0,0,0,0,0,0,0,0,0,60300,47700,0,0,0,0,0,0,0,0,94500,0,0,0,0,0,0,0,0,0,60300,0,0,0,0,0,0,0,0,0,0,0,0,0
000001.SZ,000001,20231213,91742000,0,0,0,0,0,,,0,0,0,0,0,94200,94500,0,0,0,0,0,0,0,0,0,60300,65100,0,0,0,0,0,0,0,0,94500,0,0,0,0,0,0,0,0,0,60300,0,0,0,0,0,0,0,0,0,0,0,0,0
000001.SZ,000001,20231213,91751000,0,0,0,0,0,,,0,0,0,0,0,94200,94500,0,0,0,0,0,0,0,0,0,48800,82600,0,0,0,0,0,0,0,0,94500,0,0,0,0,0,0,0,0,0,48800,0,0,0,0,0,0,0,0,0,0,0,0,0
000001.SZ,000001,20231213,91800000,0,0,0,0,0,,,0,0,0,0,0,94200,94500,0,0,0,0,0,0,0,0,0,52200,79200,0,0,0,0,0,0,0,0,94500,0,0,0,0,0,0,0,0,0,52200,0,0,0,0,0,0,0,0,0,0,0,0,0
000001.SZ,000001,20231213,91809000,0,0,0,0,0,,,0,0,0,0,0,94200,94300,0,0,0,0,0,0,0,0,0,20900,0,0,0,0,0,0,0,0,0,94300,0,0,0,0,0,0,0,0,0,20900,27400,0,0,0,0,0,0,0,0,0,0,0,0
000001.SZ,000001,20231213,91818000,0,0,0,0,0,,,0,0,0,0,0,94200,94300,0,0,0,0,0,0,0,0,0,25400,0,0,0,0,0,0,0,0,0,94300,0,0,0,0,0,0,0,0,0,25400,22700,0,0,0,0,0,0,0,0,0,0,0,0
000001.SZ,000001,20231213,91827000,0,0,0,0,0,,,0,0,0,0,0,94200,94300,0,0,0,0,0,0,0,0,0,25400,0,0,0,0,0,0,0,0,0,94300,0,0,0,0,0,0,0,0,0,25400,22900,0,0,0,0,0,0,0,0,0,0,0,0
000001.SZ,000001,20231213,91836000,0,0,0,0,0,,,0,0,0,0,0,94200,94300,0,0,0,0,0,0,0,0,0,26300,0,0,0,0,0,0,0,0,0,94300,0,0,0,0,0,0,0,0,0,26300,28600,0,0,0,0,0,0,0,0,0,0,0,0
000001.SZ,000001,20231213,91845000,0,0,0,0,0,,,0,0,0,0,0,94200,94300,0,0,0,0,0,0,0,0,0,36300,0,0,0,0,0,0,0,0,0,94300,0,0,0,0,0,0,0,0,0,36300,18600,0,0,0,0,0,0,0,0,0,0,0,0
000001.SZ,000001,20231213,91854000,0,0,0,0,0,,,0,0,0,0,0,94200,94300,0,0,0,0,0,0,0,0,0,36300,0,0,0,0,0,0,0,0,0,94300,0,0,0,0,0,0,0,0,0,36300,14100,0,0,0,0,0,0,0,0,0,0,0,0
000001.SZ,000001,20231213,91903000,0,0,0,0,0,,,0,0,0,0,0,94200,94300,0,0,0,0,0,0,0,0,0,35400,0,0,0,0,0,0,0,0,0,94300,0,0,0,0,0,0,0,0,0,35400,15000,0,0,0,0,0,0,0,0,0,0,0,0
000001.SZ,000001,20231213,91912000,0,0,0,0,0,,,0,0,0,0,0,94200,94300,0,0,0,0,0,0,0,0,0,36400,0,0,0,0,0,0,0,0,0,94300,0,0,0,0,0,0,0,0,0,36400,19100,0,0,0,0,0,0,0,0,0,0,0,0
000001.SZ,000001,20231213,91921000,0,0,0,0,0,,,0,0,0,0,0,94200,94300,0,0,0,0,0,0,0,0,0,36400,0,0,0,0,0,0,0,0,0,94300,0,0,0,0,0,0,0,0,0,36400,21100,0,0,0,0,0,0,0,0,0,0,0,0
000001.SZ,000001,20231213,91939000,0,0,0,0,0,,,0,0,0,0,0,94200,94300,0,0,0,0,0,0,0,0,0,37000,0,0,0,0,0,0,0,0,0,94300,0,0,0,0,0,0,0,0,0,37000,22600,0,0,0,0,0,0,0,0,0,0,0,0
000001.SZ,000001,20231213,91948000,0,0,0,0,0,,,0,0,0,0,0,94200,94300,0,0,0,0,0,0,0,0,0,40600,0,0,0,0,0,0,0,0,0,94300,0,0,0,0,0,0,0,0,0,40600,19000,0,0,0,0,0,0,0,0,0,0,0,0
000001.SZ,000001,20231213,91957000,0,0,0,0,0,,,0,0,0,0,0,94200,94300,0,0,0,0,0,0,0,0,0,42400,0,0,0,0,0,0,0,0,0,94300,0,0,0,0,0,0,0,0,0,42400,17200,0,0,0,0,0,0,0,0,0,0,0,0
000001.SZ,000001,20231213,92000000,0,0,0,0,0,,,0,0,0,0,0,94200,94300,0,0,0,0,0,0,0,0,0,59600,17400,0,0,0,0,0,0,0,0,94300,0,0,0,0,0,0,0,0,0,59600,0,0,0,0,0,0,0,0,0,0,0,0,0
000001.SZ,000001,20231213,92009000,0,0,0,0,0,,,0,0,0,0,0,94200,94300,0,0,0,0,0,0,0,0,0,69100,13200,0,0,0,0,0,0,0,0,94300,0,0,0,0,0,0,0,0,0,69100,0,0,0,0,0,0,0,0,0,0,0,0,0
000001.SZ,000001,20231213,92018000,0,0,0,0,0,,,0,0,0,0,0,94200,94300,0,0,0,0,0,0,0,0,0,69200,16000,0,0,0,0,0,0,0,0,94300,0,0,0,0,0,0,0,0,0,69200,0,0,0,0,0,0,0,0,0,0,0,0,0
000001.SZ,000001,20231213,92027000,0,0,0,0,0,,,0,0,0,0,0,94200,94300,0,0,0,0,0,0,0,0,0,69200,16300,0,0,0,0,0,0,0,0,94300,0,0,0,0,0,0,0,0,0,69200,0,0,0,0,0,0,0,0,0,0,0,0,0
000001.SZ,000001,20231213,92036000,0,0,0,0,0,,,0,0,0,0,0,94200,94300,0,0,0,0,0,0,0,0,0,69200,19500,0,0,0,0,0,0,0,0,94300,0,0,0,0,0,0,0,0,0,69200,0,0,0,0,0,0,0,0,0,0,0,0,0
000001.SZ,000001,20231213,92054000,0,0,0,0,0,,,0,0,0,0,0,94200,94300,0,0,0,0,0,0,0,0,0,84200,5500,0,0,0,0,0,0,0,0,94300,0,0,0,0,0,0,0,0,0,84200,0,0,0,0,0,0,0,0,0,0,0,0,0
000001.SZ,000001,20231213,92103000,0,0,0,0,0,,,0,0,0,0,0,94200,94300,0,0,0,0,0,0,0,0,0,84300,10000,0,0,0,0,0,0,0,0,94300,0,0,0,0,0,0,0,0,0,84300,0,0,0,0,0,0,0,0,0,0,0,0,0
000001.SZ,000001,20231213,92112000,0,0,0,0,0,,,0,0,0,0,0,94200,94300,0,0,0,0,0,0,0,0,0,86800,7500,0,0,0,0,0,0,0,0,94300,0,0,0,0,0,0,0,0,0,86800,0,0,0,0,0,0,0,0,0,0,0,0,0
000001.SZ,000001,20231213,92121000,0,0,0,0,0,,,0,0,0,0,0,94200,94300,0,0,0,0,0,0,0,0,0,86800,8300,0,0,0,0,0,0,0,0,94300,0,0,0,0,0,0,0,0,0,86800,0,0,0,0,0,0,0,0,0,0,0,0,0
000001.SZ,000001,20231213,92130000,0,0,0,0,0,,,0,0,0,0,0,94200,94300,0,0,0,0,0,0,0,0,0,86800,21800,0,0,0,0,0,0,0,0,94300,0,0,0,0,0,0,0,0,0,86800,0,0,0,0,0,0,0,0,0,0,0,0,0
000001.SZ,000001,20231213,92139000,0,0,0,0,0,,,0,0,0,0,0,94200,94300,0,0,0,0,0,0,0,0,0,86800,22300,0,0,0,0,0,0,0,0,94300,0,0,0,0,0,0,0,0,0,86800,0,0,0,0,0,0,0,0,0,0,0,0,0
000001.SZ,000001,20231213,92148000,0,0,0,0,0,,,0,0,0,0,0,94200,94200,0,0,0,0,0,0,0,0,0,102200,0,0,0,0,0,0,0,0,0,94200,0,0,0,0,0,0,0,0,0,102200,11500,0,0,0,0,0,0,0,0,0,0,0,0
000001.SZ,000001,20231213,92157000,0,0,0,0,0,,,0,0,0,0,0,94200,94200,0,0,0,0,0,0,0,0,0,106900,0,0,0,0,0,0,0,0,0,94200,0,0,0,0,0,0,0,0,0,106900,7000,0,0,0,0,0,0,0,0,0,0,0,0
000001.SZ,000001,20231213,92206000,0,0,0,0,0,,,0,0,0,0,0,94200,94200,0,0,0,0,0,0,0,0,0,113900,0,0,0,0,0,0,0,0,0,94200,0,0,0,0,0,0,0,0,0,113900,200,0,0,0,0,0,0,0,0,0,0,0,0
000001.SZ,000001,20231213,92215000,0,0,0,0,0,,,0,0,0,0,0,94200,94200,0,0,0,0,0,0,0,0,0,114300,24700,0,0,0,0,0,0,0,0,94200,0,0,0,0,0,0,0,0,0,114300,0,0,0,0,0,0,0,0,0,0,0,0,0
000001.SZ,000001,20231213,92224000,0,0,0,0,0,,,0,0,0,0,0,94200,94200,0,0,0,0,0,0,0,0,0,114300,24900,0,0,0,0,0,0,0,0,94200,0,0,0,0,0,0,0,0,0,114300,0,0,0,0,0,0,0,0,0,0,0,0,0
000001.SZ,000001,20231213,92233000,0,0,0,0,0,,,0,0,0,0,0,94200,94200,0,0,0,0,0,0,0,0,0,115400,25900,0,0,0,0,0,0,0,0,94200,0,0,0,0,0,0,0,0,0,115400,0,0,0,0,0,0,0,0,0,0,0,0,0
000001.SZ,000001,20231213,92242000,0,0,0,0,0,,,0,0,0,0,0,94200,94200,0,0,0,0,0,0,0,0,0,117000,24900,0,0,0,0,0,0,0,0,94200,0,0,0,0,0,0,0,0,0,117000,0,0,0,0,0,0,0,0,0,0,0,0,0
000001.SZ,000001,20231213,92251000,0,0,0,0,0,,,0,0,0,0,0,94200,94200,0,0,0,0,0,0,0,0,0,120000,29100,0,0,0,0,0,0,0,0,94200,0,0,0,0,0,0,0,0,0,120000,0,0,0,0,0,0,0,0,0,0,0,0,0
000001.SZ,000001,20231213,92300000,0,0,0,0,0,,,0,0,0,0,0,94200,94200,0,0,0,0,0,0,0,0,0,120100,35700,0,0,0,0,0,0,0,0,94200,0,0,0,0,0,0,0,0,0,120100,0,0,0,0,0,0,0,0,0,0,0,0,0
000001.SZ,000001,20231213,92309000,0,0,0,0,0,,,0,0,0,0,0,94200,94200,0,0,0,0,0,0,0,0,0,135200,23500,0,0,0,0,0,0,0,0,94200,0,0,0,0,0,0,0,0,0,135200,0,0,0,0,0,0,0,0,0,0,0,0,0
000001.SZ,000001,20231213,92318000,0,0,0,0,0,,,0,0,0,0,0,94200,94200,0,0,0,0,0,0,0,0,0,140300,47700,0,0,0,0,0,0,0,0,94200,0,0,0,0,0,0,0,0,0,140300,0,0,0,0,0,0,0,0,0,0,0,0,0
000001.SZ,000001,20231213,92327000,0,0,0,0,0,,,0,0,0,0,0,94200,94200,0,0,0,0,0,0,0,0,0,140400,53000,0,0,0,0,0,0,0,0,94200,0,0,0,0,0,0,0,0,0,140400,0,0,0,0,0,0,0,0,0,0,0,0,0
000001.SZ,000001,20231213,92336000,0,0,0,0,0,,,0,0,0,0,0,94200,94000,0,0,0,0,0,0,0,0,0,189200,0,0,0,0,0,0,0,0,0,94000,0,0,0,0,0,0,0,0,0,189200,51000,0,0,0,0,0,0,0,0,0,0,0,0
000001.SZ,000001,20231213,92345000,0,0,0,0,0,,,0,0,0,0,0,94200,94000,0,0,0,0,0,0,0,0,0,204000,0,0,0,0,0,0,0,0,0,94000,0,0,0,0,0,0,0,0,0,204000,36700,0,0,0,0,0,0,0,0,0,0,0,0
000001.SZ,000001,20231213,92354000,0,0,0,0,0,,,0,0,0,0,0,94200,94000,0,0,0,0,0,0,0,0,0,215400,0,0,0,0,0,0,0,0,0,94000,0,0,0,0,0,0,0,0,0,215400,26400,0,0,0,0,0,0,0,0,0,0,0,0
000001.SZ,000001,20231213,92403000,0,0,0,0,0,,,0,0,0,0,0,94200,94000,0,0,0,0,0,0,0,0,0,247300,1600,0,0,0,0,0,0,0,0,94000,0,0,0,0,0,0,0,0,0,247300,0,0,0,0,0,0,0,0,0,0,0,0,0
000001.SZ,000001,20231213,92412000,0,0,0,0,0,,,0,0,0,0,0,94200,94000,0,0,0,0,0,0,0,0,0,253100,6300,0,0,0,0,0,0,0,0,94000,0,0,0,0,0,0,0,0,0,253100,0,0,0,0,0,0,0,0,0,0,0,0,0
000001.SZ,000001,20231213,92421000,0,0,0,0,0,,,0,0,0,0,0,94200,93900,0,0,0,0,0,0,0,0,0,267000,0,0,0,0,0,0,0,0,0,93900,0,0,0,0,0,0,0,0,0,267000,112800,0,0,0,0,0,0,0,0,0,0,0,0
000001.SZ,000001,20231213,92430000,0,0,0,0,0,,,0,0,0,0,0,94200,93900,0,0,0,0,0,0,0,0,0,301900,0,0,0,0,0,0,0,0,0,93900,0,0,0,0,0,0,0,0,0,301900,88400,0,0,0,0,0,0,0,0,0,0,0,0
000001.SZ,000001,20231213,92439000,0,0,0,0,0,,,0,0,0,0,0,94200,93900,0,0,0,0,0,0,0,0,0,363100,0,0,0,0,0,0,0,0,0,93900,0,0,0,0,0,0,0,0,0,363100,39900,0,0,0,0,0,0,0,0,0,0,0,0
000001.SZ,000001,20231213,92448000,0,0,0,0,0,,,0,0,0,0,0,94200,93900,0,0,0,0,0,0,0,0,0,403900,39600,0,0,0,0,0,0,0,0,93900,0,0,0,0,0,0,0,0,0,403900,0,0,0,0,0,0,0,0,0,0,0,0,0
000001.SZ,000001,20231213,92457000,0,0,0,0,0,,,0,0,0,0,0,94200,93900,0,0,0,0,0,0,0,0,0,436800,76400,0,0,0,0,0,0,0,0,93900,0,0,0,0,0,0,0,0,0,436800,0,0,0,0,0,0,0,0,0,0,0,0,0
000001.SZ,000001,20231213,92500000,93800,0,0,288,0,,,508300,4767854,93800,93800,93800,94200,93900,94000,94100,94200,94300,94400,94500,94600,94700,94800,96000,66600,5400,146000,92900,163900,458200,254200,142500,134400,93800,93700,93600,93500,93400,93300,93200,93100,93000,92900,191500,114400,182000,193100,39900,106600,128600,162300,194900,21300,98500,89900,8584018,3741900
000001.SZ,000001,20231213,92500000,93800,0,0,288,0,,,508300,4767854,93800,93800,93800,94200,93900,94000,94100,94200,94300,94400,94500,94600,94700,94800,96000,66600,5400,146000,92900,163900,458200,254200,142500,134400,93800,93700,93600,93500,93400,93300,93200,93100,93000,92900,191500,114400,182000,193100,39900,106600,128600,162300,194900,21300,98500,89900,8584018,3741900
000001.SZ,000001,20231213,93000000,93900,0,0,320,0,,,548800,5147835,93900,93800,93800,94200,93900,94000,94100,94200,94300,94400,94500,94600,94700,94800,88400,83900,40400,88100,112400,249600,462800,254800,146800,135400,93800,93700,93600,93500,93400,93300,93200,93100,93000,92900,188400,116300,189700,245700,113400,125900,142600,226000,231400,21300,98400,90200,8744818,4096600
000001.SZ,000001,20231213,93000000,93900,0,0,320,0,,,548800,5147835,93900,93800,93800,94200,93900,94000,94100,94200,94300,94400,94500,94600,94700,94800,88400,83900,40400,88100,112400,249600,462800,254800,146800,135400,93800,93700,93600,93500,93400,93300,93200,93100,93000,92900,188400,116300,189700,245700,113400,125900,142600,226000,231400,21300,98400,90200,8744818,4096600
000001.SZ,000001,20231213,93003000,93800,0,0,525,0,,,1221800,11461522,93900,93700,93800,94200,93800,93900,94000,94100,94200,94300,94400,94500,94600,94700,7700,37900,105900,324900,124200,127400,310200,522000,252600,165700,93700,93600,93500,93400,93300,93200,93100,93000,92900,92800,214400,342900,548100,407100,258900,276500,357200,329000,26600,80300,98200,90900,9973918,5655800
000001.SZ,000001,20231213,93006000,93800,0,0,567,0,,,1258200,11803098,93900,93700,93800,94200,93800,93900,94000,94100,94200,94300,94400,94500,94600,94700,41100,30200,83400,330900,129500,129400,340200,539000,255600,165700,93700,93600,93500,93400,93300,93200,93100,93000,92900,92800,216400,347400,559600,416100,261900,285900,362000,338200,27000,80800,98200,90900,10149918,5795000
000001.SZ,000001,20231213,93009000,93800,0,0,604,0,,,1349600,12660123,93900,93700,93800,94200,93800,93900,94000,94100,94200,94300,94400,94500,94600,94700,14200,25000,83400,330900,129500,133200,340200,543600,255600,165700,93700,93600,93500,93400,93300,93200,93100,93000,92900,92800,186100,347400,560100,414400,269900,285900,362000,338200,27000,80800,98200,90900,10148318,5765400
000001.SZ,000001,20231213,93012000,93900,0,0,661,0,,,1506000,14125820,93900,93700,93800,94200,93900,94000,94100,94200,94300,94400,94500,94600,94700,94800,23300,62600,330900,129600,134500,345200,543600,255600,165700,174400,93800,93700,93600,93500,93400,93300,93200,93100,93000,92900,14400,60900,347400,560100,414400,274900,285900,362000,338200,27400,98200,90800,10117718,5663500
000001.SZ,000001,20231213,93015000,93800,0,0,685,0,,,1550900,14547139,93900,93700,93800,94200,93800,93900,94000,94100,94200,94300,94400,94500,94600,94700,23500,14500,62600,307500,129600,134500,345200,543600,255600,165700,93700,93600,93500,93400,93300,93200,93100,93000,92900,92800,72600,347400,560100,415000,276600,285900,362000,338200,27400,80800,98200,90800,10123418,5661900
000001.SZ,000001,20231213,93018000,93700,0,0,742,0,,,1601700,15023180,93900,93700,93800,94200,93800,93900,94000,94100,94200,94300,94400,94500,94600,94700,38300,16000,62600,307500,129600,134600,345200,543600,255600,165700,93700,93600,93500,93400,93300,93200,93100,93000,92900,92800,27800,348400,560100,415800,276600,285900,362000,343200,27400,80900,98200,90800,10140918,5624200
000001.SZ,000001,20231213,93021000,93700,0,0,770,0,,,1625000,15241575,93900,93700,93800,94200,93800,93900,94000,94100,94200,94300,94400,94500,94600,94700,75800,38800,62600,307500,129600,134600,345300,543600,255600,165700,93700,93600,93500,93400,93300,93200,93100,93000,92900,92800,18000,348400,560100,415800,276600,285900,362000,344200,27400,80900,98200,90800,10212818,5617300
000001.SZ,000001,20231213,93024000,93700,0,0,829,0,,,1673700,15697954,93900,93600,93800,94200,93800,93900,94000,94100,94200,94300,94400,94500,94600,94700,69100,38700,62600,304900,129600,154600,345300,543500,255600,165700,93700,93600,93500,93400,93300,93200,93100,93000,92900,92800,6800,351800,560200,415800,294800,285900,362000,345200,27100,80900,98200,90800,10226818,5628500
000001.SZ,000001,20231213,93027000,93700,0,0,867,0,,,1760000,16506124,93900,93600,93800,94200,93700,93800,93900,94000,94100,94200,94300,94400,94500,94600,10000,63400,38700,62600,304900,129600,154600,345300,543600,255600,93600,93500,93400,93300,93200,93100,93000,92900,92800,92700,300000,560400,416800,296800,290000,362000,347200,27100,80900,13700,98200,90800,10234718,5586000
000001.SZ,000001,20231213,93030000,93700,0,0,885,0,,,1804200,16920008,93900,93600,93800,94200,93700,93800,93900,94000,94100,94200,94300,94400,94500,94600,13200,43800,38700,66300,306800,126700,154500,345300,543600,255600,93600,93500,93400,93300,93200,93100,93000,92900,92800,92700,279700,557400,416800,296800,290000,362000,347200,27100,80600,13700,98200,90800,10245018,5563700
000001.SZ,000001,20231213,93033000,93700,0,0,896,0,,,1816600,17036194,93900,93600,93800,94200,93700,93800,93900,94000,94100,94200,94300,94400,94500,94600,14000,43900,38700,66300,306800,124900,154500,345300,543600,255600,93600,93500,93400,93300,93200,93100,93000,92900,92800,92700,277800,560100,417100,296800,290000,362000,348200,27100,80600,13800,98200,90800,10245818,5567300
000001.SZ,000001,20231213,93036000,93600,0,0,912,0,,,1829500,17156954,93900,93600,93800,94200,93700,93800,93900,94000,94100,94200,94300,94400,94500,94600,17900,43900,42800,78500,306800,124900,154500,345300,543600,255700,93600,93500,93400,93300,93200,93100,93000,92900,92800,92700,260100,562000,417600,296800,292700,362000,348200,27100,80600,13800,98200,90800,10267018,5550400
000001.SZ,000001,20231213,93039000,93600,0,0,974,0,,,1984100,18604028,93900,93600,93800,94200,93700,93800,93900,94000,94100,94200,94300,94400,94500,94600,20500,39200,42800,78800,306800,124900,154500,345300,543600,255700,93600,93500,93400,93300,93200,93100,93000,92900,92800,92700,122400,562300,417300,296800,292700,362000,348200,27100,102600,13800,98200,90700,10267218,5435500
000001.SZ,000001,20231213,93042000,93700,0,0,1003,0,,,2010400,18850433,93900,93600,93800,94200,93700,93800,93900,94000,94100,94200,94300,94400,94500,94600,1100,38900,52800,82800,306800,126900,154500,345300,543600,255700,93600,93500,93400,93300,93200,93100,93000,92900,92800,92700,120500,562900,417300,296900,293700,362000,348200,27100,103600,13800,98200,90700,10263818,5447100
000001.SZ,000001,20231213,93045000,93600,0,0,1008,0,,,2012500,18870094,93900,93600,93800,94200,93700,93800,93900,94000,94100,94200,94300,94400,94500,94600,53700,38900,52800,69700,306800,126900,154500,345300,543600,255700,93600,93500,93400,93300,93200,93100,93000,92900,92800,92700,121000,562900,416700,300400,293700,368000,348200,27100,103600,13800,98100,90700,10313518,5456900
000001.SZ,000001,20231213,93048000,93600,0,0,1046,0,,,2101200,19700337,93900,93600,93800,94200,93700,93800,93900,94000,94100,94200,94300,94400,94500,94600,97500,35900,52800,69700,310600,126900,154500,345300,543600,255700,93600,93500,93400,93300,93200,93100,93000,92900,92800,92700,43200,564100,387500,302600,293700,368000,348200,27100,103600,13800,98100,90700,10360118,5354800
000001.SZ,000001,20231213,93051000,93600,0,0,1088,0,,,2155200,20205766,93900,93500,93800,94200,93600,93700,93800,93900,94000,94100,94200,94300,94400,94500,6100,115700,36000,52400,69700,311800,125900,154500,345300,543600,93500,93400,93300,93200,93100,93000,92900,92800,92700,92600,571200,387500,302600,293700,373000,348200,27100,103600,13800,81900,98100,90600,10386118,5323700
000001.SZ,000001,20231213,93054000,93600,0,0,1108,0,,,2183800,20473491,93900,93500,93800,94200,93600,93700,93800,93900,94000,94100,94200,94300,94400,94500,14700,113100,36000,52400,69700,311800,125900,154500,345300,543600,93500,93400,93300,93200,93100,93000,92900,92800,92700,92600,571400,387500,302600,293700,374000,348400,27100,103200,13800,81900,98100,90600,10401618,5324500
000001.SZ,000001,20231213,93057000,93600,0,0,1124,0,,,2205800,20679376,93900,93500,93800,94200,93600,93700,93800,93900,94000,94100,94200,94300,94400,94500,112700,113100,36000,52600,69900,311800,125900,154500,345300,543600,93500,93400,93300,93200,93100,93000,92900,92800,92700,92600,568400,387500,300900,293700,389000,350000,27100,103200,13800,81900,98100,90700,10515618,5336300
000001.SZ,000001,20231213,93100000,93600,0,0,1130,0,,,2212400,20741152,93900,93500,93800,94200,93600,93700,93800,93900,94000,94100,94200,94300,94400,94500,129000,79600,36000,52600,69900,316300,125900,154500,345300,543600,93500,93400,93300,93200,93100,93000,92900,92800,92700,92600,676500,387500,300900,293700,389000,351000,27100,103200,13800,81900,98100,90700,10504118,5446100
000001.SZ,000001,20231213,93103000,93600,0,0,1144,0,,,2229000,20896525,93900,93500,93800,94200,93600,93700,93800,93900,94000,94100,94200,94300,94400,94500,113500,79600,36000,52600,69800,316300,125900,154500,345300,543600,93500,93400,93300,93200,93100,93000,92900,92800,92700,92600,690900,390000,305900,344200,389300,351500,27100,103200,13700,81900,98100,90700,10493818,5520500
000001.SZ,000001,20231213,93106000,93500,0,0,1158,0,,,2270600,21285815,93900,93500,93800,94200,93600,93700,93800,93900,94000,94100,94200,94300,94400,94500,140300,81100,36000,52600,69800,316300,125900,134500,345300,543600,93500,93400,93300,93200,93100,93000,92900,92800,92700,92600,697500,390800,306200,344200,389300,364500,27100,103200,13700,81900,98100,90800,10520918,5542700
000001.SZ,000001,20231213,93109000,93600,0,0,1181,0,,,2299500,21556111,93900,93500,93800,94200,93600,93700,93800,93900,94000,94100,94200,94300,94400,94500,189900,81100,36000,52600,69800,316300,122900,134500,345300,543600,93500,93400,93300,93200,93100,93000,92900,92800,92700,92600,694000,390800,295700,344200,394100,368500,27100,103200,13700,81900,98100,90800,10563518,5537600
000001.SZ,000001,20231213,93112000,93600,0,0,1189,0,,,2308300,21638418,93900,93500,93800,94200,93600,93700,93800,93900,94000,94100,94200,94300,94400,94500,211300,81100,36000,53700,69800,316300,122900,134500,345300,543600,93500,93400,93300,93200,93100,93000,92900,92800,92700,92600,729000,390800,297900,344200,395600,378500,27100,103200,14700,81900,98100,90800,10586018,5586800
000001.SZ,000001,20231213,93115000,93600,0,0,1195,0,,,2317800,21727288,93900,93500,93800,94200,93600,93700,93800,93900,94000,94100,94200,94300,94400,94500,208300,81100,36000,53700,69800,316300,122900,134500,345800,543600,93500,93400,93300,93200,93100,93000,92900,92800,92700,92600,725200,390800,299900,344800,401600,382100,27100,103200,14700,81900,98100,90800,10590518,5595200
000001.SZ,000001,20231213,93118000,93600,0,0,1202,0,,,2331300,21853646,93900,93500,93800,94200,93600,93700,93800,93900,94000,94100,94200,94300,94400,94500,195600,81100,38600,53700,170100,316300,122900,134500,345800,543600,93500,93400,93300,93200,93100,93000,92900,92800,92700,92600,736900,387000,299900,345800,401600,382300,27100,103200,14700,81900,98000,90800,10684918,5604300
000001.SZ,000001,20231213,93121000,93600,0,0,1212,0,,,2347400,22004298,93900,93500,93800,94200,93600,93700,93800,93900,94000,94100,94200,94300,94400,94500,201300,81300,38600,53700,170100,317200,124800,130200,345800,543600,93500,93400,93300,93200,93100,93000,92900,92800,92700,92600,718700,387000,308400,346100,421600,382300,27100,103200,14700,81900,98000,90800,10693518,5633300
000001.SZ,000001,20231213,93124000,93600,0,0,1223,0,,,2366400,22182082,93900,93500,93800,94200,93600,93700,93800,93900,94000,94100,94200,94300,94400,94500,188900,81400,38600,55600,170100,317200,124800,130200,344800,543600,93500,93400,93300,93200,93100,93000,92900,92800,92700,92600,724200,387000,308400,346100,421600,382300,27100,103200,14700,81900,98000,90800,10708318,5639800
000001.SZ,000001,20231213,93127000,93600,0,0,1239,0,,,2395200,22451541,93900,93500,93800,94200,93600,93700,93800,93900,94000,94100,94200,94300,94400,94500,175600,81500,38600,60600,170100,317200,124800,130700,341000,543600,93500,93400,93300,93200,93100,93000,92900,92800,92700,92600,720200,387000,314400,346100,427800,382300,27100,103200,14700,81900,98000,90800,10705718,5645700
000001.SZ,000001,20231213,93130000,93600,0,0,1245,0,,,2409200,22582480,93900,93500,93800,94200,93600,93700,93800,93900,94000,94100,94200,94300,94400,94500,172000,81000,38500,60600,170100,317200,124800,130700,341000,543600,93500,93400,93300,93200,93100,93000,92900,92800,92700,92600,732600,387000,314400,347200,427800,387800,27100,103200,14700,85900,98000,90800,10698218,5668200
000001.SZ,000001,20231213,93133000,93600,0,0,1274,0,,,2507600,23503320,93900,93500,93800,94200,93600,93700,93800,93900,94000,94100,94200,94300,94400,94500,129000,81000,38700,60600,170700,317200,124800,130700,341000,543600,93500,93400,93300,93200,93100,93000,92900,92800,92700,92600,728000,388000,327100,347800,427800,389300,27100,103200,14700,85900,98000,90800,10655818,5679500
000001.SZ,000001,20231213,93136000,93600,0,0,1332,0,,,2671000,25031537,93900,93500,93800,94200,93600,93700,93800,93900,94000,94100,94200,94300,94400,94500,127200,44400,38700,60600,170900,317200,125300,130200,341100,543400,93500,93400,93300,93200,93100,93000,92900,92800,92700,92600,652000,388500,330100,292900,428800,405900,37200,103200,14700,86000,98100,90800,10619518,5587000
000001.SZ,000001,20231213,93139000,93600,0,0,1342,0,,,2696000,25265434,93900,93500,93800,94200,93600,93700,93800,93900,94000,94100,94200,94300,94400,94500,128900,44400,38700,60600,170900,317200,125300,135400,344000,543400,93500,93400,93300,93200,93100,93000,92900,92800,92700,92600,678300,389300,333100,293900,430800,405900,37200,103200,14700,86000,98100,90800,10635318,5638700
000001.SZ,000001,20231213,93142000,93600,0,0,1395,0,,,2792900,26171880,93900,93500,93800,94200,93600,93700,93800,93900,94000,94100,94200,94300,94400,94500,87400,44300,40700,60900,170900,317200,125300,135600,344000,543400,93500,93400,93300,93200,93100,93000,92900,92800,92700,92600,536400,388400,333600,293900,430800,408400,37200,103200,15000,86000,98100,90700,10601218,5512700
000001.SZ,000001,20231213,93145000,93600,0,0,1421,0,,,2905700,27227688,93900,93500,93800,94200,93700,93800,93900,94000,94100,94200,94300,94400,94500,94600,74400,40700,61100,170900,307200,125300,135600,344000,544400,261000,93600,93500,93400,93300,93200,93100,93000,92900,92800,92700,55600,595200,389500,333800,293900,435800,409900,37200,99700,14700,98100,90800,10535218,5639000
000001.SZ,000001,20231213,93148000,93600,0,0,1433,0,,,2916300,27326917,93900,93500,93800,94200,93700,93800,93900,94000,94100,94200,94300,94400,94500,94600,55700,40700,61100,170900,307200,125300,135600,344000,545400,261000,93600,93500,93400,93300,93200,93100,93000,92900,92800,92700,91300,602000,394500,333800,300900,435800,410500,37200,99700,14700,98100,90800,10511118,5705100
000001.SZ,000001,20231213,93151000,93600,0,0,1435,0,,,2916900,27332536,93900,93500,93800,94200,93700,93800,93900,94000,94100,94200,94300,94400,94500,94600,98600,40700,62100,170900,307200,129100,135600,344000,545400,261000,93600,93500,93400,93300,93200,93100,93000,92900,92800,92700,184900,595900,394500,333800,300900,434800,410500,37200,99700,14700,98100,90800,10544118,5793900
000001.SZ,000001,20231213,93154000,93600,0,0,1500,0,,,3022600,28321894,93900,93500,93800,94200,93700,93800,93900,94000,94100,94200,94300,94400,94500,94600,107800,40700,62100,170900,307200,129100,135600,349000,545400,261000,93600,93500,93400,93300,93200,93100,93000,92900,92800,92700,123800,611000,397700,333800,301000,434900,419400,37200,99700,14700,98100,90800,10559318,5762400
000001.SZ,000001,20231213,93157000,93600,0,0,1511,0,,,3038900,28474596,93900,93500,93800,94200,93700,93800,93900,94000,94100,94200,94300,94400,94500,94600,161300,40700,62100,170900,307200,129100,135600,349500,546500,261000,93600,93500,93400,93300,93200,93100,93000,92900,92800,92700,163700,590800,401700,328900,301000,436300,418400,37200,99700,14700,98100,90900,10614418,5798600
000001.SZ,000001,20231213,93200000,93600,0,0,1514,0,,,3041200,28496130,93900,93500,93800,94200,93700,93800,93900,94000,94100,94200,94300,94400,94500,94600,232800,62500,72100,173900,285000,129100,135600,349500,546500,261000,93600,93500,93400,93300,93200,93100,93000,92900,92800,92700,171800,603700,401700,331400,301500,436300,420600,37200,99700,14700,98000,90900,10719718,5826800
000001.SZ,000001,20231213,93203000,93500,0,0,1608,0,,,3308500,30997741,93900,93500,93800,94200,93600,93700,93800,93900,94000,94100,94200,94300,94400,94500,45900,282200,58500,72100,174700,285000,129100,135600,349500,546500,93500,93400,93300,93200,93100,93000,92900,92800,92700,92600,563700,402600,331400,301500,438700,420600,37200,99700,14700,86000,98000,90800,10812918,5630800
000001.SZ,000001,20231213,93206000,93600,0,0,1613,0,,,3325100,31153117,93900,93500,93800,94200,93600,93700,93800,93900,94000,94100,94200,94300,94400,94500,37200,230000,58000,73100,174700,285000,129100,131800,349500,546500,93500,93400,93300,93200,93100,93000,92900,92800,92700,92600,563700,401700,332400,302500,438700,421200,37200,99700,14700,86000,98000,90800,10750118,5632500
000001.SZ,000001,20231213,93209000,93600,0,0,1615,0,,,3335100,31246717,93900,93500,93800,94200,93600,93700,93800,93900,94000,94100,94200,94300,94400,94500,42300,230000,62200,73100,174700,285000,129100,131800,349500,546500,93500,93400,93300,93200,93100,93000,92900,92800,92700,92600,564500,403600,333300,302500,438700,422200,37200,99700,14700,86000,98000,90800,10761418,5641800
000001.SZ,000001,20231213,93212000,93500,0,0,1681,0,,,3634600,34047187,93900,93500,93800,94200,93600,93700,93800,93900,94000,94100,94200,94300,94400,94500,201200,230000,62200,72400,174700,285000,129100,121800,335200,546500,93500,93400,93300,93200,93100,93000,92900,92800,92700,92600,275700,400700,333900,302500,438700,422800,37200,99700,14700,86000,98000,90700,10902318,5384900
000001.SZ,000001,20231213,93215000,93400,0,0,1820,0,,,4034400,37784668,93900,93400,93800,94200,93500,93600,93700,93800,93900,94000,94100,94200,94300,94400,338100,128100,148800,62200,68900,174700,286000,132900,121800,335200,93400,93300,93200,93100,93000,92900,92800,92700,92600,92500,340000,333900,302500,439700,423300,37200,99700,15700,86000,103200,97900,90500,11096318,5050100
000001.SZ,000001,20231213,93218000,93500,0,0,1855,0,,,4193200,39267944,93900,93400,93800,94200,93500,93600,93700,93800,93900,94000,94100,94200,94300,94400,259200,124900,128400,62200,45200,74400,286000,132900,121800,335200,93400,93300,93200,93100,93000,92900,92800,92700,92600,92500,192600,333900,302500,445000,424900,38200,99700,19000,86000,103200,98000,90400,10879318,4913300
000001.SZ,000001,20231213,93221000,93500,0,0,1880,0,,,4259500,39887426,93900,93400,93800,94200,93500,93600,93700,93800,93900,94000,94100,94200,94300,94400,260200,119000,128400,62200,44200,74400,205000,131800,121800,339300,93400,93300,93200,93100,93000,92900,92800,92700,92600,92500,152000,338400,302500,445000,408500,38200,99800,19000,86000,104400,98000,90400,10798518,4867200
000001.SZ,000001,20231213,93224000,93400,0,0,1932,0,,,4422600,41410793,93900,93400,93800,94200,93400,93500,93600,93700,93800,93900,94000,94100,94200,94300,215300,260500,116300,128400,54400,44200,74400,205000,131800,121800,93300,93200,93100,93000,92900,92800,92700,92600,92500,92400,354800,311600,445000,420200,38200,99800,19000,86000,104400,13100,97900,90300,11003618,4852400
000001.SZ,000001,20231213,93227000,93400,0,0,2055,0,,,4813100,45054308,93900,93300,93800,94200,93400,93500,93600,93700,93800,93900,94000,94100,94200,94300,218900,112300,115100,128400,51900,37800,73400,205000,113800,121800,93200,93100,93000,92900,92800,92700,92600,92500,92400,92300,312100,448000,421200,38200,99800,19000,92300,104400,13100,129700,98000,90100,10841218,4508600
000001.SZ,000001,20231213,93230000,93400,0,0,2069,0,,,4832700,45237236,93900,93200,93800,94200,93300,93400,93500,93600,93700,93800,93900,94000,94100,94200,200,272400,104400,54500,128400,61000,37800,62200,205000,113800,93200,93100,93000,92900,92800,92700,92600,92500,92400,92300,284600,448000,421200,38200,99800,19000,92300,104400,13100,129700,98000,90000,10832818,4483900
000001.SZ,000001,20231213,93233000,93200,0,0,2093,0,,,4851600,45413606,93900,93200,93800,94200,93300,93400,93500,93600,93700,93800,93900,94000,94100,94200,8400,269300,97700,54500,128200,65900,37800,62200,205000,113800,93200,93100,93000,92900,92800,92700,92600,92500,92400,92300,283400,447200,425300,38200,99800,17000,92300,104400,13100,129700,98000,90100,10836918,4454300
000001.SZ,000001,20231213,93236000,93300,0,0,2120,0,,,4904600,45908039,93900,93200,93800,94200,93300,93400,93500,93600,93700,93800,93900,94000,94100,94200,15100,90600,61700,54100,128200,65700,37800,62200,205000,113800,93200,93100,93000,92900,92800,92700,92600,92500,92400,92300,310500,455300,428900,38200,99800,15700,92300,106300,13100,129700,98100,90100,10641918,4493700
000001.SZ,000001,20231213,93239000,93300,0,0,2151,0,,,4943000,46266331,93900,93200,93800,94200,93400,93500,93600,93700,93800,93900,94000,94100,94200,94300,84600,56400,53700,128200,64900,37800,60300,205000,113800,121800,93300,93200,93100,93000,92900,92800,92700,92600,92500,92400,35000,324100,459700,428300,40200,99800,15700,92300,106300,13100,98100,90100,10612418,4548000
000001.SZ,000001,20231213,93242000,93300,0,0,2167,0,,,5013000,46919432,93900,93200,93800,94200,93300,93400,93500,93600,93700,93800,93900,94000,94100,94200,126600,85500,60600,54000,128200,64400,37600,44500,205000,110900,93200,93100,93000,92900,92800,92700,92600,92500,92400,92300,337800,456700,433800,40200,102800,15700,92300,105300,13100,129700,98000,90100,10727818,4531700
000001.SZ,000001,20231213,93245000,93300,0,0,2189,0,,,5062700,47383123,93900,93200,93800,94200,93300,93400,93500,93600,93700,93800,93900,94000,94100,94200,143700,17100,60600,68800,127200,64400,36400,44500,205000,110900,93200,93100,93000,92900,92800,92700,92600,92500,92400,92300,349200,457800,437000,41700,102800,15700,92800,105500,13100,129700,98000,90100,10690918,4552000
000001.SZ,000001,20231213,93248000,93200,0,0,2199,0,,,5072900,47478255,93900,93200,93800,94200,93300,93400,93500,93600,93700,93800,93900,94000,94100,94200,174500,23500,57400,68800,127200,64400,36400,44500,205000,117000,93200,93100,93000,92900,92800,92700,92600,92500,92400,92300,383100,457800,442300,47200,102800,17100,92800,107700,13100,129700,98000,90200,10748518,4601400
000001.SZ,000001,20231213,93251000,93300,0,0,2205,0,,,5085300,47593888,93900,93200,93800,94200,93300,93400,93500,93600,93700,93800,93900,94000,94100,94200,171800,23800,58900,68800,127500,64400,36400,44500,205000,117000,93200,93100,93000,92900,92800,92700,92600,92500,92400,92300,391500,460200,442000,47700,104800,14600,95700,110700,13100,129700,98000,90200,10747918,4617800
000001.SZ,000001,20231213,93254000,93200,0,0,2218,0,,,5102600,47755211,93900,93200,93800,94200,93300,93400,93500,93600,93700,93800,93900,94000,94100,94200,165500,21900,58900,68700,130500,64400,36400,44500,205000,117000,93200,93100,93000,92900,92800,92700,92600,92500,92400,92300,392700,465500,449300,152200,106300,14600,99400,111800,13100,129700,98000,90300,10745518,4754000
000001.SZ,000001,20231213,93257000,93200,0,0,2238,0,,,5140200,48105728,93900,93200,93800,94200,93300,93400,93500,93600,93700,93800,93900,94000,94100,94200,187400,24000,57400,68800,130500,64400,36400,44500,205000,117000,93200,93100,93000,92900,92800,92700,92600,92500,92400,92300,371900,473700,508000,152200,106300,16200,99600,111900,13100,129700,98000,90300,10819118,4809700
000001.SZ,000001,20231213,93300000,93200,0,0,2254,0,,,5160200,48292302,93900,93200,93800,94200,93300,93400,93500,93600,93700,93800,93900,94000,94100,94200,171100,24000,57400,73800,130500,64400,36400,44500,205000,117000,93200,93100,93000,92900,92800,92700,92600,92500,92400,92300,389400,477100,519200,158200,106300,18800,100100,112100,13100,129700,98100,90300,10811818,4851100
000001.SZ,000001,20231213,93303000,93200,0,0,2261,0,,,5181100,48487225,93900,93200,93800,94200,93300,93400,93500,93600,93700,93800,93900,94000,94100,94200,188400,24000,57400,73800,109600,64400,36400,45500,205000,117000,93200,93100,93000,92900,92800,92700,92600,92500,92400,92300,415800,475300,522600,161000,109600,19400,100100,113000,13100,129700,98100,90300,10828718,4898200
000001.SZ,000001,20231213,93306000,93200,0,0,2291,0,,,5241700,49052522,93900,93200,93800,94200,93300,93400,93500,93600,93700,93800,93900,94000,94100,94200,143000,24000,50900,73300,109600,64400,36400,45500,205000,117000,93200,93100,93000,92900,92800,92700,92600,92500,92400,92300,432600,465800,525600,161000,137600,19400,101100,113000,13100,129700,98100,90300,10776318,5065300
000001.SZ,000001,20231213,93309000,93300,0,0,2311,0,,,5279700,49407059,93900,93200,93800,94200,93300,93400,93500,93600,93700,93800,93900,94000,94100,94200,99900,24000,51100,73300,109600,64400,36400,44500,205000,117000,93200,93100,93000,92900,92800,92700,92600,92500,92400,92300,447800,468100,529600,170500,139100,19400,101100,113000,13100,129900,98100,90400,10732418,5100300
000001.SZ,000001,20231213,93312000,93300,0,0,2351,0,,,5387800,50415593,93900,93200,93800,94200,93400,93500,93600,93700,93800,93900,94000,94100,94200,94300,24000,52100,82500,109600,64400,36400,43000,205000,117000,121800,93300,93200,93100,93000,92900,92800,92700,92600,92500,92400,22300,511800,469100,571900,160500,139000,20400,101100,115500,13100,98100,90400,10625918,5235600
000001.SZ,000001,20231213,93315000,93300,0,0,2357,0,,,5403700,50563955,93900,93200,93800,94200,93400,93500,93600,93700,93800,93900,94000,94100,94200,94300,18300,63400,82400,109600,64400,36400,43000,205000,117000,121800,93300,93200,93100,93000,92900,92800,92700,92600,92500,92400,37800,533000,473600,570600,160500,141500,20400,101600,115500,13400,98100,90500,10633618,5303300
000001.SZ,000001,20231213,93318000,93300,0,0,2359,0,,,5404400,50570489,93900,93200,93800,94200,93400,93500,93600,93700,93800,93900,94000,94100,94200,94300,71100,64100,82400,109600,64400,36400,43000,107100,117000,119800,93300,93200,93100,93000,92900,92800,92700,92600,92500,92400,64000,545700,478300,574600,160500,141500,22400,102600,115500,13400,98200,90500,10587318,5374100
000001.SZ,000001,20231213,93321000,93300,0,0,2376,0,,,5438100,50884927,93900,93200,93800,94200,93400,93500,93600,93700,93800,93900,94000,94100,94200,94300,80700,64100,82400,96200,64400,36400,43000,107100,117000,119800,93300,93200,93100,93000,92900,92800,92700,92600,92500,92400,51300,557300,483300,574600,161100,141500,22400,104200,115800,13400,98200,90500,10583518,5387100
000001.SZ,000001,20231213,93324000,93300,0,0,2400,0,,,5469200,51175098,93900,93200,93800,94200,93400,93500,93600,93700,93800,93900,94000,94100,94200,94300,84300,64000,82400,96200,64400,36400,43000,107100,117500,119800,93300,93200,93100,93000,92900,92800,92700,92600,92500,92400,135500,565800,488300,574600,166200,142500,24400,104800,117500,13400,98200,90500,10593518,5499900
000001.SZ,000001,20231213,93327000,93400,0,0,2425,0,,,5495300,51418749,93900,93200,93800,94200,93400,93500,93600,93700,93800,93900,94000,94100,94200,94300,76500,64000,83400,96200,64400,36400,43000,107100,117500,119800,93300,93200,93100,93000,92900,92800,92700,92600,92500,92400,177100,573200,489500,577500,167400,144500,24400,104300,118700,13400,98200,90600,10587518,5564500
000001.SZ,000001,20231213,93330000,93300,0,0,2449,0,,,5509700,51553127,93900,93200,93800,94200,93400,93500,93600,93700,93800,93900,94000,94100,94200,94300,93400,64000,83400,96200,64400,36400,43000,107100,117500,119800,93300,93200,93100,93000,92900,92800,92700,92600,92500,92400,188600,569500,489500,577500,167500,147100,25400,104300,118700,13400,98200,90600,10608918,5576200
000001.SZ,000001,20231213,93333000,93400,0,0,2462,0,,,5574400,52157348,93900,93200,93800,94200,93400,93500,93600,93700,93800,93900,94000,94100,94200,94300,35400,64000,84900,96200,64400,36400,43000,106400,117500,119800,93300,93200,93100,93000,92900,92800,92700,92600,92500,92400,223600,585400,494000,583200,172500,147100,25400,104300,118700,13400,98200,90600,10576818,5642800
000001.SZ,000001,20231213,93336000,93300,0,0,2476,0,,,5600200,52398269,93900,93200,93800,94200,93400,93500,93600,93700,93800,93900,94000,94100,94200,94300,14900,64000,84900,96200,66600,36200,43000,106400,117500,119800,93300,93200,93100,93000,92900,92800,92700,92600,92500,92400,299100,588200,498700,588200,177600,167600,29400,104800,118700,13400,98200,90700,10557518,5761900
000001.SZ,000001,20231213,93339000,93400,0,0,2500,0,,,5624600,52626154,93900,93200,93800,94200,93500,93600,93700,93800,93900,94000,94100,94200,94300,94400,74000,84900,96200,66600,36200,46500,106400,117500,119800,339300,93400,93300,93200,93100,93000,92900,92800,92700,92600,92500,100,324100,568800,499700,606400,179700,175600,29400,104800,118700,98200,90700,10556618,5797700
000001.SZ,000001,20231213,93342000,93300,0,0,2512,0,,,5665000,53003362,93900,93200,93800,94200,93400,93500,93600,93700,93800,93900,94000,94100,94200,94300,15500,76000,84900,96200,66600,36200,46500,106400,117500,119800,93300,93200,93100,93000,92900,92800,92700,92600,92500,92400,324100,569000,505200,606100,182600,176100,29400,104800,121700,13400,98200,90700,10569718,5808700
000001.SZ,000001,20231213,93345000,93300,0,0,2534,0,,,5685000,53190152,93900,93200,93800,94200,93400,93500,93600,93700,93800,93900,94000,94100,94200,94300,9700,76000,83100,96200,66600,31200,46500,106400,117500,119800,93300,93200,93100,93000,92900,92800,92700,92600,92500,92400,329100,570500,512200,606800,179600,170100,29400,104800,121700,13400,98200,90700,10553718,5780800
000001.SZ,000001,20231213,93348000,93400,0,0,2543,0,,,5694200,53276079,93900,93200,93800,94200,93400,93500,93600,93700,93800,93900,94000,94100,94200,94300,18800,76000,83100,96200,68800,31200,46500,106400,117500,119800,93300,93200,93100,93000,92900,92800,92700,92600,92500,92400,285300,569800,513200,606800,179800,171600,29400,98500,121700,13400,98200,90700,10581018,5732800
000001.SZ,000001,20231213,93351000,93400,0,0,2548,0,,,5700100,53331141,93900,93200,93800,94200,93400,93500,93600,93700,93800,93900,94000,94100,94200,94300,25200,76000,83100,96200,68800,31200,46500,156400,117500,119800,93300,93200,93100,93000,92900,92800,92700,92600,92500,92400,284500,575500,519600,614300,196000,174800,29400,98500,122300,13400,98200,90700,10644818,5775100
000001.SZ,000001,20231213,93354000,93300,0,0,2556,0,,,5715500,53474952,93900,93200,93800,94200,93400,93500,93600,93700,93800,93900,94000,94100,94200,94300,17300,76000,83100,96200,68800,31200,46500,156900,117400,119800,93300,93200,93100,93000,92900,92800,92700,92600,92500,92400,290200,610900,529600,618300,196000,175800,29400,99000,123300,13400,98200,90700,10648918,5835700
000001.SZ,000001,20231213,93357000,93400,0,0,2561,0,,,5724600,53559946,93900,93200,93800,94200,93400,93500,93600,93700,93800,93900,94000,94100,94200,94300,11800,77100,83100,96200,68800,31200,46500,156900,117400,119800,93300,93200,93100,93000,92900,92800,92700,92600,92500,92400,309300,613000,532300,618800,196000,175800,29400,99000,123300,13400,98200,90700,10719018,5865800
000001.SZ,000001,20231213,93400000,93400,0,0,2569,0,,,5736500,53671092,93900,93200,93800,94200,93500,93600,93700,93800,93900,94000,94100,94200,94300,94400,78200,83200,96200,68800,31200,76500,156900,117400,119800,339300,93400,93300,93200,93100,93000,92900,92800,92700,92600,92500,38400,375300,619700,537300,629800,196000,175800,29400,99200,123300,98200,90800,10738918,5995100
000001.SZ,000001,20231213,93403000,93400,0,0,2575,0,,,5749600,53793451,93900,93200,93800,94200,93500,93600,93700,93800,93900,94000,94100,94200,94300,94400,77700,125000,96200,69800,31200,76500,156900,117400,119800,339300,93400,93300,93200,93100,93000,92900,92800,92700,92600,92500,50200,385300,619600,538300,627300,186500,175800,29400,99200,123300,98200,90800,10795918,6006700
000001.SZ,000001,20231213,93406000,93400,0,0,2585,0,,,5772200,54004535,93900,93200,93800,94200,93500,93600,93700,93800,93900,94000,94100,94200,94300,94400,81300,130300,96200,72100,31200,77000,156900,118800,119800,339300,93400,93300,93200,93100,93000,92900,92800,92700,92600,92500,37300,388200,614100,542500,628300,186500,175800,29400,99200,123300,98100,90800,10818318,5998400
000001.SZ,000001,20231213,93409000,93400,0,0,2592,0,,,5775400,54034423,93900,93200,93800,94200,93500,93600,93700,93800,93900,94000,94100,94200,94300,94400,91100,135300,96200,72100,32600,77000,156900,119700,119800,339300,93400,93300,93200,93100,93000,92900,92800,92700,92600,92500,45300,395800,615100,542500,627200,186500,174900,29400,99200,123300,98100,90800,10835618,6025100
000001.SZ,000001,20231213,93412000,93400,0,0,2624,0,,,5828700,54532247,93900,93200,93800,94200,93500,93600,93700,93800,93900,94000,94100,94200,94300,94400,106100,135300,96200,72100,32600,77000,156900,119700,124800,339300,93300,93200,93100,93000,92900,92800,92700,92600,92500,92400,408600,615000,542500,620300,186500,186400,29400,99200,130100,13400,98100,90800,10851618,6004400
000001.SZ,000001,20231213,93415000,93500,0,0,2625,0,,,5829700,54541597,93900,93200,93800,94200,93500,93600,93700,93800,93900,94000,94100,94200,94300,94400,105200,135300,96200,73100,32600,76900,156900,119700,125200,339200,93400,93300,93200,93100,93000,92900,92800,92700,92600,92500,2400,482500,616800,542500,616100,187600,186400,29400,103500,130100,98100,90800,10853418,6089900
000001.SZ,000001,20231213,93418000,93500,0,0,2641,0,,,5846500,54698593,93900,93200,93800,94200,93500,93600,93700,93800,93900,94000,94100,94200,94300,94400,96100,135300,96200,73100,32600,76900,156900,119600,125200,340200,93400,93300,93200,93100,93000,92900,92800,92700,92600,92500,39100,487400,610000,543600,615600,187600,187400,29400,103500,130100,98100,90800,10846518,6129500
000001.SZ,000001,20231213,93421000,93400,0,0,2642,0,,,5848400,54716339,93900,93200,93800,94200,93500,93600,93700,93800,93900,94000,94100,94200,94300,94400,98200,130300,96200,73100,34600,76900,156900,119600,125200,340200,93400,93300,93200,93100,93000,92900,92800,92700,92600,92500,39600,503300,611600,543300,616100,187600,187400,29400,103500,130100,98100,90800,10857218,6147700
000001.SZ,000001,20231213,93424000,93400,0,0,2652,0,,,5859000,54815350,93900,93200,93800,94200,93500,93600,93700,93800,93900,94000,94100,94200,94300,94400,102900,130300,96200,73100,39600,76900,156900,119600,125200,341300,93400,93300,93200,93100,93000,92900,92800,92700,92600,92500,42500,506100,604300,543300,615900,187600,187400,29400,103500,130100,98100,90800,10869418,6149600
000001.SZ,000001,20231213,93427000,93400,0,0,2659,0,,,5862500,54848054,93900,93200,93800,94200,93500,93600,93700,93800,93900,94000,94100,94200,94300,94400,111900,130300,96200,72100,39600,76900,156900,125100,125200,341300,93400,93300,93200,93100,93000,92900,92800,92700,92600,92500,69900,508700,604700,543300,616600,187200,187400,29400,103500,130100,98100,90900,10887318,6180300
000001.SZ,000001,20231213,93430000,93400,0,0,2665,0,,,5886600,55073343,93900,93200,93800,94200,93500,93600,93700,93800,93900,94000,94100,94200,94300,94400,109700,130300,96200,72100,39600,76900,156900,125100,125200,341300,93400,93300,93200,93100,93000,92900,92800,92700,92600,92500,79500,506400,601300,542300,618400,189200,188400,29400,103500,130100,98100,90900,10887018,6192000
000001.SZ,000001,20231213,93433000,93400,0,0,2673,0,,,5894000,55142491,93900,93200,93800,94200,93500,93600,93700,93800,93900,94000,94100,94200,94300,94400,106500,129300,96200,72100,39600,76900,156900,125100,125200,341300,93400,93300,93200,93100,93000,92900,92800,92700,92600,92500,92800,506400,605300,539000,620400,189200,189900,29400,103500,130100,98100,90900,10883718,6197500
000001.SZ,000001,20231213,93436000,93500,0,0,2678,0,,,5902100,55218216,93900,93200,93800,94200,93500,93600,93700,93800,93900,94000,94100,94200,94300,94400,131100,129300,96200,72100,39600,88100,161400,125100,130200,341300,93400,93300,93200,93100,93000,92900,92800,92700,92600,92500,106300,511800,605800,535400,620900,184200,191900,29400,103500,130100,98100,90900,10931218,6210900
000001.SZ,000001,20231213,93439000,93500,0,0,2685,0,,,5908000,55273379,93900,93200,93800,94200,93500,93600,93700,93800,93900,94000,94100,94200,94300,94400,128100,149300,96200,73100,41100,88100,161400,125100,130200,341300,93400,93300,93200,93100,93000,92900,92800,92700,92600,92500,120900,534500,613700,537400,621000,184200,191900,29400,103500,130100,98100,90900,10957218,6260300
000001.SZ,000001,20231213,93442000,93500,0,0,2710,0,,,5952200,55686210,93900,93200,93800,94200,93500,93600,93700,93800,93900,94000,94100,94200,94300,94400,127900,149300,96200,73100,41100,85400,161400,125100,130200,341300,93400,93300,93200,93100,93000,92900,92800,92700,92600,92500,78100,538300,604800,530500,722500,184200,194900,29400,103500,130100,98100,90900,10953418,6310000
000001.SZ,000001,20231213,93445000,93400,0,0,2726,0,,,5970200,55854416,93900,93200,93800,94200,93500,93600,93700,93800,93900,94000,94100,94200,94300,94400,181300,149300,106200,74100,41100,85600,161400,125100,125200,341300,93400,93300,93200,93100,93000,92900,92800,92700,92600,92500,74600,549600,603800,530500,727300,184200,194900,29400,103500,130100,98100,90900,11032418,6321800
000001.SZ,000001,20231213,93448000,93500,0,0,2746,0,,,5985700,55999308,93900,93200,93800,94200,93500,93600,93700,93800,93900,94000,94100,94200,94300,94400,301200,149300,106200,76100,41100,86500,161400,125100,125200,341300,93400,93300,93200,93100,93000,92900,92800,92700,92600,92500,77600,550800,606800,514800,727300,183200,194900,29600,103500,130100,98000,90900,11159718,6313000
000001.SZ,000001,20231213,93451000,93400,0,0,2768,0,,,6002900,56159956,93900,93200,93800,94200,93500,93600,93700,93800,93900,94000,94100,94200,94300,94400,306700,149300,106200,76100,41100,86500,161400,125100,125200,341300,93400,93300,93200,93100,93000,92900,92800,92700,92600,92500,83900,558900,633400,520500,727500,183200,194900,29600,103500,130100,98000,90900,11165818,6373800
000001.SZ,000001,20231213,93454000,93400,0,0,2829,0,,,6087800,56952927,93900,93200,93800,94200,93400,93500,93600,93700,93800,93900,94000,94100,94200,94300,105500,306500,149300,106200,76100,41100,86500,161400,125100,125200,93300,93200,93100,93000,92900,92800,92700,92600,92500,92400,558900,636100,520800,728800,182000,200100,29600,103500,130100,13400,98000,90900,11272418,6299900
000001.SZ,000001,20231213,93457000,93300,0,0,2844,0,,,6107200,57134097,93900,93200,93800,94200,93400,93500,93600,93700,93800,93900,94000,94100,94200,94300,96000,301700,149300,106200,76100,41100,86500,161400,125100,125200,93300,93200,93100,93000,92900,92800,92700,92600,92500,92400,559100,636300,520800,729900,181900,200200,30600,104500,130100,13400,98000,90900,11268118,6303300
000001.SZ,000001,20231213,93500000,93400,0,0,2860,0,,,6146300,57499055,93900,93200,93800,94200,93400,93500,93600,93700,93800,93900,94000,94100,94200,94300,197500,216100,134500,106200,53200,41100,86500,161400,125100,125200,93300,93200,93100,93000,92900,92800,92700,92600,92500,92400,554000,636300,520300,732400,191900,220200,30600,104500,130100,13400,98000,90900,11246318,6330800
000001.SZ,000001,20231213,93503000,93300,0,0,2869,0,,,6150800,57541059,93900,93200,93800,94200,93400,93500,93600,93700,93800,93900,94000,94100,94200,94300,202300,316100,134500,106200,53200,41100,86500,156900,125100,125200,93300,93200,93100,93000,92900,92800,92700,92600,92500,92400,559800,637000,520300,736400,191900,218200,30600,104500,130400,13400,98000,90900,11347618,6341200
000001.SZ,000001,20231213,93506000,93300,0,0,2883,0,,,6183300,57844451,93900,93200,93800,94200,93400,93500,93600,93700,93800,93900,94000,94100,94200,94300,275500,316100,134500,107200,53200,39900,86800,156900,125100,125200,93300,93200,93100,93000,92900,92800,92700,92600,92500,92400,552400,636500,520500,736400,191900,218200,30600,104500,130100,13400,97900,90900,11424118,6335700
000001.SZ,000001,20231213,93509000,93400,0,0,2888,0,,,6204400,58041450,93900,93200,93800,94200,93400,93500,93600,93700,93800,93900,94000,94100,94200,94300,337500,283200,118100,107200,53200,39900,86800,156900,125100,125200,93300,93200,93100,93000,92900,92800,92700,92600,92500,92400,552100,636700,527500,738500,191900,218500,30600,104500,130300,13400,97900,90900,11440018,6346600
000001.SZ,000001,20231213,93512000,93300,0,0,2902,0,,,6221200,58198253,93900,93200,93800,94200,93400,93500,93600,93700,93800,93900,94000,94100,94200,94300,353200,292200,118100,107200,53200,39900,86800,156900,125100,125200,93300,93200,93100,93000,92900,92800,92700,92600,92500,92400,546300,645700,527500,738200,191900,219800,30600,104900,130300,13400,97900,90900,11465218,6351400
000001.SZ,000001,20231213,93515000,93300,0,0,2923,0,,,6229800,58278491,93900,93200,93800,94200,93400,93500,93600,93700,93800,93900,94000,94100,94200,94300,393700,292200,118100,107200,53200,39900,86800,156900,130100,125200,93300,93200,93100,93000,92900,92800,92700,92600,92500,92400,546400,598800,525400,739200,191900,219800,31000,104900,129200,13400,97900,90900,11510218,6302800
000001.SZ,000001,20231213,93518000,93300,0,0,2927,0,,,6237100,58346608,93900,93200,93800,94200,93400,93500,93600,93700,93800,93900,94000,94100,94200,94300,393000,292200,110700,107200,48600,39900,86800,156900,130100,125200,93300,93200,93100,93000,92900,92800,92700,92600,92500,92400,566300,650600,525200,739200,193900,219800,31000,104900,129200,13400,97900,90900,11498518,6382300
000001.SZ,000001,20231213,93521000,93300,0,0,2957,0,,,6297500,58910142,93900,93200,93800,94200,93400,93500,93600,93700,93800,93900,94000,94100,94200,94300,398600,287900,110700,107200,40500,39900,86800,161000,130100,125200,93300,93200,93100,93000,92900,92800,92700,92600,92500,92400,514500,651100,529600,741900,193900,221800,31000,104900,129200,13400,97900,90900,11495818,6340100
000001.SZ,000001,20231213,93524000,93300,0,0,2971,0,,,6331800,59230271,93900,93200,93800,94200,93400,93500,93600,93700,93800,93900,94000,94100,94200,94300,373300,287700,110700,107200,40500,40900,86800,161000,130100,125200,93300,93200,93100,93000,92900,92800,92700,92600,92500,92400,483900,662300,531100,744900,194200,221800,31000,104900,129200,13400,97900,90900,11472318,6325500
000001.SZ,000001,20231213,93527000,93300,0,0,2974,0,,,6334600,59256403,93900,93200,93800,94200,93400,93500,93600,93700,93800,93900,94000,94100,94200,94300,413500,287700,110700,107200,40500,40900,86800,161000,130100,125200,93300,93200,93100,93000,92900,92800,92700,92600,92500,92400,488100,664300,531100,749900,195300,221800,31000,104900,129800,13400,97900,90900,11514218,6338400
000001.SZ,000001,20231213,93530000,93300,0,0,2978,0,,,6335900,59268532,93900,93200,93800,94200,93400,93500,93600,93700,93800,93900,94000,94100,94200,94300,420400,276700,110700,107200,40500,40900,86800,161000,130100,125200,93300,93200,93100,93000,92900,92800,92700,92600,92500,92400,498000,664300,538300,748900,194300,221800,31000,104900,134800,13400,97900,90900,11516418,6524100
000001.SZ,000001,20231213,93533000,93300,0,0,2984,0,,,6347000,59372112,93900,93200,93800,94200,93400,93500,93600,93700,93800,93900,94000,94100,94200,94300,419900,274700,110700,107200,40500,40900,75600,161000,130100,125200,93300,93200,93100,93000,92900,92800,92700,92600,92500,92400,523100,668500,538300,747000,194800,221800,31000,104900,134800,13400,97900,90900,11496018,6554000
000001.SZ,000001,20231213,93536000,93300,0,0,2992,0,,,6363900,59529806,93900,93200,93800,94200,93400,93500,93600,93700,93800,93900,94000,94100,94200,94300,426600,274700,98300,107200,40500,76400,75600,161000,130100,125200,93300,93200,93100,93000,92900,92800,92700,92600,92500,92400,509300,674500,543500,761700,195000,221800,31000,104900,134800,13400,97900,90900,11508318,6567800
000001.SZ,000001,20231213,93539000,93400,0,0,3001,0,,,6386200,59738087,93900,93200,93800,94200,93400,93500,93600,93700,93800,93900,94000,94100,94200,94300,404700,275900,98300,107200,40500,76400,75600,161000,130100,125200,93300,93200,93100,93000,92900,92800,92700,92600,92500,92400,540800,666000,543500,761700,195000,227000,31000,104900,139800,13400,97900,90900,11497618,6602000
000001.SZ,000001,20231213,93542000,93400,0,0,3018,0,,,6458800,60416146,93900,93200,93800,94200,93400,93500,93600,93700,93800,93900,94000,94100,94200,94300,328000,275900,99400,107200,40500,76400,75600,161000,130100,125200,93300,93200,93100,93000,92900,92800,92700,92600,92500,92400,565200,664200,544700,802800,195000,227000,31000,104900,139800,13400,97900,91000,11444418,6668800
000001.SZ,000001,20231213,93545000,93400,0,0,3023,0,,,6471700,60536632,93900,93200,93800,94200,93400,93500,93600,93700,93800,93900,94000,94100,94200,94300,302400,279000,99400,107200,40500,76400,75600,161000,130100,125200,93300,93200,93100,93000,92900,92800,92700,92600,92500,92400,569900,672900,546700,802800,200000,227700,35500,104900,139900,13400,97900,91000,11421918,6699100
000001.SZ,000001,20231213,93548000,93400,0,0,3029,0,,,6488100,60689792,93900,93200,93800,94200,93400,93500,93600,93700,93800,93900,94000,94100,94200,94300,281600,279200,99400,107200,40500,76400,75600,161000,125100,125200,93300,93200,93100,93000,92900,92800,92700,92600,92500,92400,594900,678800,546700,802800,207000,228800,35500,104900,139900,13400,98000,91000,11422018,6740600
000001.SZ,000001,20231213,93551000,93400,0,0,3041,0,,,6514200,60933339,93900,93200,93800,94200,93400,93500,93600,93700,93800,93900,94000,94100,94200,94300,284500,279200,99400,107200,51700,76400,75600,161000,125100,125200,93300,93200,93100,93000,92900,92800,92700,92600,92500,92400,595100,676200,546200,806000,208800,228800,35500,104900,140900,13400,97900,91000,11444318,6798300
000001.SZ,000001,20231213,93554000,93400,0,0,3056,0,,,6540000,61174108,93900,93200,93800,94200,93400,93500,93600,93700,93800,93900,94000,94100,94200,94300,286400,278000,99400,107200,51700,76400,75600,161000,125100,125200,93300,93200,93100,93000,92900,92800,92700,92600,92500,92400,592100,677900,549800,803000,211400,228800,40500,104900,143700,13400,97900,91000,11445018,6807800
000001.SZ,000001,20231213,93557000,93400,0,0,3075,0,,,6627700,61993205,93900,93200,93800,94200,93400,93500,93600,93700,93800,93900,94000,94100,94200,94300,234800,277800,99400,107200,51700,77400,75600,161000,125100,125200,93300,93200,93100,93000,92900,92800,92700,92600,92500,92400,602100,678500,550300,803800,211400,228800,40500,104900,143900,13400,98000,91000,11405218,6819800
000001.SZ,000001,20231213,93600000,93300,0,0,3108,0,,,6664900,62340394,93900,93200,93800,94200,93400,93500,93600,93700,93800,93900,94000,94100,94200,94300,213400,277800,99400,109200,51700,77400,75600,161000,125100,125200,93300,93200,93100,93000,92900,92800,92700,92600,92500,92400,607600,678500,553300,804200,211400,217300,41500,104900,143300,13400,98000,91000,11387918,6818000
000001.SZ,000001,20231213,93603000,93400,0,0,3131,0,,,6773600,63355305,93900,93200,93800,94200,93400,93500,93600,93700,93800,93900,94000,94100,94200,94300,142400,319900,99400,109700,51700,77400,75600,161000,125100,125200,93300,93200,93100,93000,92900,92800,92700,92600,92500,92400,616500,684400,553300,808000,211400,217300,41500,104900,143300,13400,98000,91000,11362718,6846900
000001.SZ,000001,20231213,93606000,93400,0,0,3158,0,,,6862700,64186838,93900,93200,93800,94200,93400,93500,93600,93700,93800,93900,94000,94100,94200,94300,160100,325200,99400,109700,51700,77400,76100,161000,125100,120300,93300,93200,93100,93000,92900,92800,92700,92600,92500,92400,572400,668100,557900,808000,211500,217500,41500,104900,143300,13400,98000,91000,11388018,6791400
000001.SZ,000001,20231213,93609000,93400,0,0,3164,0,,,6869700,64252218,93900,93200,93800,94200,93400,93500,93600,93700,93800,93900,94000,94100,94200,94300,165800,324700,99400,109700,51700,77400,76100,161000,125100,120300,93300,93200,93100,93000,92900,92800,92700,92600,92500,92400,589500,680200,560900,808000,212500,217500,41800,104900,143300,13400,98000,91000,11394218,6823300
000001.SZ,000001,20231213,93612000,93300,0,0,3181,0,,,6899400,64529377,93900,93200,93800,94200,93400,93500,93600,93700,93800,93900,94000,94100,94200,94300,162000,324700,99400,109700,51700,77400,76100,161000,125100,120300,93300,93200,93100,93000,92900,92800,92700,92600,92500,92400,569900,681700,560900,808000,213000,218100,41800,104900,143300,13400,98000,91000,11390418,6808600
000001.SZ,000001,20231213,93615000,93300,0,0,3181,0,,,6899400,64529377,93900,93200,93800,94200,93400,93500,93600,93700,93800,93900,94000,94100,94200,94300,192500,324700,99400,109700,51700,77400,76100,161000,125100,120300,93300,93200,93100,93000,92900,92800,92700,92600,92500,92400,573800,684900,560900,811000,213000,218100,42400,117200,143300,13400,98000,91000,11432118,6832100
000001.SZ,000001,20231213,93618000,93300,0,0,3436,0,,,7492800,70065849,93900,93200,93800,94200,93300,93400,93500,93600,93700,93800,93900,94000,94100,94200,238200,186100,324100,99400,109700,51700,77400,76100,161000,125100,93200,93100,93000,92900,92800,92700,92600,92500,92400,92300,688200,560700,813500,213000,218100,42400,117200,143300,13400,185800,97900,90800,11664818,6267900
000001.SZ,000001,20231213,93621000,93200,0,0,3477,0,,,7571800,70802271,93900,93200,93800,94200,93300,93400,93500,93600,93700,93800,93900,94000,94100,94200,237100,136500,306000,99400,109700,51900,77400,76100,161000,125100,93200,93100,93000,92900,92800,92700,92600,92500,92400,92300,619200,560700,869500,213000,218100,42400,117200,143300,13400,185800,97900,90800,11597018,6259000
000001.SZ,000001,20231213,93624000,93300,0,0,3492,0,,,7592100,70991618,93900,93200,93800,94200,93300,93400,93500,93600,93700,93800,93900,94000,94100,94200,48600,136700,306200,99400,109700,51900,77400,76100,161000,125100,93200,93100,93000,92900,92800,92700,92600,92500,92400,92300,563100,560700,867100,213000,217800,42400,117200,143300,13400,185800,98000,90800,11409718,6208700
000001.SZ,000001,20231213,93627000,93200,0,0,3511,0,,,7602100,71084908,93900,93200,93800,94200,93300,93400,93500,93600,93700,93800,93900,94000,94100,94200,59600,139200,306200,99400,109700,51900,77400,76100,161000,125100,93200,93100,93000,92900,92800,92700,92600,92500,92400,92300,532800,560700,868100,213000,217800,42400,117200,143300,14200,185800,98000,90800,11432618,6185200
000001.SZ,000001,20231213,93630000,93300,0,0,3520,0,,,7614000,71195835,93900,93200,93800,94200,93300,93400,93500,93600,93700,93800,93900,94000,94100,94200,70200,133000,306200,99400,109700,51900,77400,76100,161000,125100,93200,93100,93000,92900,92800,92700,92600,92500,92400,92300,551500,558700,870300,213500,217800,42900,117200,143300,14200,186400,98000,90800,11438618,6206100
000001.SZ,000001,20231213,93633000,93300,0,0,3531,0,,,7622600,71276073,93900,93200,93800,94200,93300,93400,93500,93600,93700,93800,93900,94000,94100,94200,63800,133200,305100,99400,113500,51900,77400,76100,161000,125100,93200,93100,93000,92900,92800,92700,92600,92500,92400,92300,547000,559500,871300,213500,219800,42900,117200,143300,14200,186400,98000,90800,11430118,6205400
000001.SZ,000001,20231213,93636000,93300,0,0,3533,0,,,7623700,71286326,93900,93200,93800,94200,93300,93400,93500,93600,93700,93800,93900,94000,94100,94200,89700,133200,306400,99400,114000,40700,77400,76100,161000,125100,93200,93100,93000,92900,92800,92700,92600,92500,92400,92300,548100,560000,886600,215300,219800,42900,117200,144300,14200,189900,98000,90800,11446618,6228900
000001.SZ,000001,20231213,93639000,93300,0,0,3562,0,,,7665100,71672287,93900,93200,93800,94200,93300,93400,93500,93600,93700,93800,93900,94000,94100,94200,101600,134900,304600,95200,114000,40500,77400,76100,161000,125100,93200,93100,93000,92900,92800,92700,92600,92500,92400,92300,515700,584400,885600,215300,220100,43400,117200,145300,14200,190900,98000,90800,11450418,6225400
000001.SZ,000001,20231213,93642000,93300,0,0,3571,0,,,7674200,71757170,93900,93200,93800,94200,93300,93400,93500,93600,93700,93800,93900,94000,94100,94200,113800,134900,318500,95200,114000,40500,77400,76100,161000,125100,93200,93100,93000,92900,92800,92700,92600,92500,92400,92300,615900,638100,886200,214800,221100,46400,117200,145300,14500,190900,98000,90800,11476518,6384400
000001.SZ,000001,20231213,93645000,93200,0,0,3579,0,,,7688300,71888687,93900,93200,93800,94200,93300,93400,93500,93600,93700,93800,93900,94000,94100,94200,104100,134900,318500,95200,114000,40500,77400,76100,161000,125100,93200,93100,93000,92900,92800,92700,92600,92500,92400,92300,612300,637100,886500,214800,221900,46400,117200,145300,14200,202900,98000,90800,11466818,6393500
000001.SZ,000001,20231213,93648000,93300,0,0,3588,0,,,7694100,71942801,93900,93200,93800,94200,93300,93400,93500,93600,93700,93800,93900,94000,94100,94200,126700,136700,318200,95200,114000,40500,77400,76100,147400,125100,93200,93100,93000,92900,92800,92700,92600,92500,92400,92300,626900,672100,887700,214800,222100,46400,117200,145300,14200,202900,98000,90800,11478118,6444600
000001.SZ,000001,20231213,93651000,93200,0,0,3629,0,,,7771100,72660465,93900,93200,93800,94200,93300,93400,93500,93600,93700,93800,93900,94000,94100,94200,164200,136700,319200,95200,114000,40500,77400,76100,147400,125100,93200,93100,93000,92900,92800,92700,92600,92500,92400,92300,558500,671100,855700,214800,222100,46400,117200,145300,14200,202900,97900,90800,11503418,6344400
000001.SZ,000001,20231213,93654000,93300,0,0,3643,0,,,7795200,72885159,93900,93200,93800,94200,93300,93400,93500,93600,93700,93800,93900,94000,94100,94200,155700,136700,319200,95400,114000,40500,77900,76100,146400,125100,93200,93100,93000,92900,92800,92700,92600,92500,92400,92300,547100,649400,858200,214800,222100,46400,120200,145300,14200,202900,97900,90800,11506118,6321800
000001.SZ,000001,20231213,93657000,93200,0,0,3650,0,,,7806800,72993271,93900,93200,93800,94200,93300,93400,93500,93600,93700,93800,93900,94000,94100,94200,163700,137000,319200,95400,113900,40500,77900,76100,146400,125100,93200,93100,93000,92900,92800,92700,92600,92500,92400,92300,535600,650000,871800,215800,222100,46400,120200,145800,14200,202900,97900,90800,11514418,6328400
000001.SZ,000001,20231213,93700000,93300,0,0,3659,0,,,7818300,73100566,93900,93200,93800,94200,93300,93400,93500,93600,93700,93800,93900,94000,94100,94200,184300,135000,319200,95400,113900,40500,77900,76100,146400,125100,93200,93100,93000,92900,92800,92700,92600,92500,92400,92300,543900,652000,875000,215800,222100,46400,120200,145800,14200,202900,97900,90800,11532518,6343600
000001.SZ,000001,20231213,93703000,93300,0,0,3675,0,,,7839200,73295361,93900,93200,93800,94200,93300,93400,93500,93600,93700,93800,93900,94000,94100,94200,246600,135000,319200,48300,113900,40500,77900,76100,124400,125100,93200,93100,93000,92900,92800,92700,92600,92500,92400,92300,539200,664200,871100,216800,222400,46400,120200,145800,14200,202900,97900,90800,11525718,6348500
000001.SZ,000001,20231213,93706000,93200,0,0,3691,0,,,7871100,73592688,93900,93200,93800,94200,93300,93400,93500,93600,93700,93800,93900,94000,94100,94200,252300,140000,319200,48300,53900,43300,77900,76800,124400,125100,93200,93100,93000,92900,92800,92700,92600,92500,92400,92300,520000,665300,873700,217800,222400,46400,120200,144800,14200,202900,98000,90800,11481218,6355200
000001.SZ,000001,20231213,93709000,93200,0,0,3702,0,,,7876700,73644926,93900,93200,93800,94200,93300,93400,93500,93600,93700,93800,93900,94000,94100,94200,253400,140000,319200,48300,53900,43300,77900,76800,124400,119600,93200,93100,93000,92900,92800,92700,92600,92500,92400,92300,576700,660300,874200,217800,222400,46500,120200,144800,15200,202900,98000,90800,11437218,6408600
000001.SZ,000001,20231213,93712000,93200,0,0,3751,0,,,7968700,74502366,93900,93200,93800,94200,93300,93400,93500,93600,93700,93800,93900,94000,94100,94200,258400,140000,319200,59500,53900,43300,77900,76800,124400,119600,93200,93100,93000,92900,92800,92700,92600,92500,92400,92300,487600,659300,874200,217800,222600,46500,120200,144800,15200,202900,98000,90800,11454218,6321600
000001.SZ,000001,20231213,93715000,93200,0,0,3754,0,,,7976800,74577888,93900,93200,93800,94200,93300,93400,93500,93600,93700,93800,93900,94000,94100,94200,249700,141300,318200,59500,53900,43300,77900,76800,124400,119600,93200,93100,93000,92900,92800,92700,92600,92500,92400,92300,489000,659300,876400,216800,222600,47500,120200,144800,15200,202900,98000,90800,11465818,6326200
000001.SZ,000001,20231213,93718000,93300,0,0,3762,0,,,7999700,74791520,93900,93200,93800,94200,93300,93400,93500,93600,93700,93800,93900,94000,94100,94200,232500,141300,318200,59500,53900,43300,77900,76800,124400,119600,93200,93100,93000,92900,92800,92700,92600,92500,92400,92300,490700,659800,885400,216800,226600,47500,120200,146800,15200,202900,98000,90800,11448618,6344200
000001.SZ,000001,20231213,93721000,93200,0,0,3771,0,,,8010400,74891294,93900,93200,93800,94200,93300,93400,93500,93600,93700,93800,93900,94000,94100,94200,217700,139700,318200,59500,53900,43300,77900,76800,124400,119600,93200,93100,93000,92900,92800,92700,92600,92500,92400,92300,489600,663600,885600,218800,258900,47500,120200,153800,15200,202900,98000,90800,11434018,6388900
000001.SZ,000001,20231213,93724000,93200,0,0,3791,0,,,8031900,75091678,93900,93200,93800,94200,93300,93400,93500,93600,93700,93800,93900,94000,94100,94200,259800,139700,318200,59500,53900,43300,77900,76800,124400,119600,93200,93100,93000,92900,92800,92700,92600,92500,92400,92300,489700,666200,886800,218800,258900,47500,120200,154700,15200,202900,98000,90800,11478518,6493700
000001.SZ,000001,20231213,93727000,93300,0,0,3801,0,,,8053200,75290311,93900,93200,93800,94200,93300,93400,93500,93600,93700,93800,93900,94000,94100,94200,256400,139700,318200,59500,53900,43300,85900,76800,123900,119600,93200,93100,93000,92900,92800,92700,92600,92500,92400,92300,484600,674000,887800,218800,261900,47500,120200,154700,15200,202900,98000,90800,11482618,6510900
000001.SZ,000001,20231213,93730000,93200,0,0,3811,0,,,8078500,75526357,93900,93200,93800,94200,93300,93400,93500,93600,93700,93800,93900,94000,94100,94200,252500,139700,318200,59500,41100,43300,85900,76800,124400,119600,93200,93100,93000,92900,92800,92700,92600,92500,92400,92300,496400,674700,887500,218800,261900,47500,125400,154700,15200,202900,98000,90800,11494318,6529600
000001.SZ,000001,20231213,93733000,93300,0,0,3846,0,,,8119600,75909438,93900,93200,93800,94200,93300,93400,93500,93600,93700,93800,93900,94000,94100,94200,254100,145700,318200,59500,42100,43300,85900,76800,124400,119600,93200,93100,93000,92900,92800,92700,92600,92500,92400,92300,471500,681800,888200,218800,262000,47500,124400,154700,15200,202900,98000,90800,11504218,6573300
000001.SZ,000001,20231213,93736000,93300,0,0,3857,0,,,8130500,76011035,93900,93200,93800,94200,93300,93400,93500,93600,93700,93800,93900,94000,94100,94200,253200,145700,318200,59500,41600,43300,85900,76800,124400,119600,93200,93100,93000,92900,92800,92700,92600,92500,92400,92300,474000,682900,902200,218800,262000,47500,124500,154700,15700,202900,98000,90800,11502818,6593500
000001.SZ,000001,20231213,93739000,93200,0,0,3862,0,,,8140400,76103329,93900,93200,93800,94200,93300,93400,93500,93600,93700,93800,93900,94000,94100,94200,229700,145700,318200,59500,41600,44400,85900,84800,124400,119600,93200,93100,93000,92900,92800,92700,92600,92500,92400,92300,500100,690500,902800,219800,262000,48600,124500,154700,15700,202900,98000,90800,11490418,6632700
000001.SZ,000001,20231213,93742000,93300,0,0,3871,0,,,8162500,76309318,93900,93200,93800,94200,93300,93400,93500,93600,93700,93800,93900,94000,94100,94200,247300,145700,318200,59500,41600,44400,85900,84800,124400,119600,93200,93100,93000,92900,92800,92700,92600,92500,92400,92300,496500,701800,903500,219800,291000,48600,124500,156300,15700,203400,98000,90800,11508018,6673900
000001.SZ,000001,20231213,93745000,93300,0,0,3876,0,,,8170000,76379233,93900,93200,93800,94200,93300,93400,93500,93600,93700,93800,93900,94000,94100,94200,249200,145700,318200,59500,41600,44400,85900,84800,124400,119600,93200,93100,93000,92900,92800,92700,92600,92500,92400,92300,515600,706500,905500,215800,291300,48600,124500,157300,15700,203400,98000,90800,11500518,6697200
000001.SZ,000001,20231213,93748000,93300,0,0,3888,0,,,8202500,76682454,93900,93200,93800,94200,93300,93400,93500,93600,93700,93800,93900,94000,94100,94200,221800,145700,318200,60500,42100,44400,85900,84800,124400,119600,93200,93100,93000,92900,92800,92700,92600,92500,92400,92300,553800,707500,907100,215800,291200,48600,124500,159300,15700,203400,98000,90800,11464618,6739900
000001.SZ,000001,20231213,93751000,93200,0,0,3900,0,,,8225900,76900650,93900,93200,93800,94200,93300,93400,93500,93600,93700,93800,93900,94000,94100,94200,212900,145400,329600,60500,40100,44400,50400,84800,124400,119600,93200,93100,93000,92900,92800,92700,92600,92500,92400,92300,555100,708500,912200,215800,291200,50600,124500,159300,15700,203400,98000,90800,11437318,6749600
000001.SZ,000001,20231213,93754000,93200,0,0,3927,0,,,8281700,77420922,93900,93200,93800,94200,93300,93400,93500,93600,93700,93800,93900,94000,94100,94200,193900,145400,329600,60500,40100,44400,50400,84800,124400,119600,93200,93100,93000,92900,92800,92700,92600,92500,92400,92300,555000,708800,912100,218400,292200,50900,124500,164300,16700,203900,98000,90800,11418318,6764500
000001.SZ,000001,20231213,93757000,93200,0,0,3942,0,,,8299700,77588753,93900,93200,93800,94200,93300,93400,93500,93600,93700,93800,93900,94000,94100,94200,190000,146400,329600,60500,40100,44400,50400,84800,124400,117100,93200,93100,93000,92900,92800,92700,92600,92500,92400,92300,547100,708800,916100,218400,292200,50900,144500,164300,16700,203900,98000,90800,11457118,6781900
000001.SZ,000001,20231213,93800000,93300,0,0,3954,0,,,8323800,77813564,93900,93200,93800,94200,93300,93400,93500,93600,93700,93800,93900,94000,94100,94200,193300,146400,329600,60500,40100,44400,50400,84800,124400,114600,93200,93100,93000,92900,92800,92700,92600,92500,92400,92300,532600,711600,924600,218400,296200,50900,144500,164300,16700,204700,98000,90800,11461618,6783600
000001.SZ,000001,20231213,93803000,93300,0,0,3958,0,,,8335700,77924492,93900,93200,93800,94200,93300,93400,93500,93600,93700,93800,93900,94000,94100,94200,191900,178000,329600,60000,40100,44400,50400,84800,124400,114600,93200,93100,93000,92900,92800,92700,92600,92500,92400,92300,529300,711700,925700,218400,263900,50900,144500,164300,16700,204700,98000,90800,11491318,6749200
000001.SZ,000001,20231213,93806000,93300,0,0,3968,0,,,8351000,78067193,93900,93200,93800,94200,93300,93400,93500,93600,93700,93800,93900,94000,94100,94200,182300,184300,329600,60000,40100,44400,50400,85800,124400,114600,93200,93100,93000,92900,92800,92700,92600,92500,92400,92300,526200,708600,927800,219400,288400,50900,144500,164300,16700,204700,98000,90800,11491418,6771400
000001.SZ,000001,20231213,93809000,93300,0,0,3973,0,,,8370700,78250961,93900,93200,93800,94200,93300,93400,93500,93600,93700,93800,93900,94000,94100,94200,190500,184300,329600,60000,40100,44400,50400,85800,124400,112600,93200,93100,93000,92900,92800,92700,92600,92500,92400,92300,538400,708600,922800,218900,288400,50900,144500,164300,16700,204700,98000,90800,11498618,6778100
000001.SZ,000001,20231213,93812000,93200,0,0,3987,0,,,8404900,78569721,93900,93200,93800,94200,93300,93400,93500,93600,93700,93800,93900,94000,94100,94200,192200,184300,329600,60000,40100,44400,50400,85800,124400,112600,93200,93100,93000,92900,92800,92700,92600,92500,92400,92300,507300,708600,926800,218900,289300,50900,144500,164300,16700,205700,98000,90800,11501418,6753900
000001.SZ,000001,20231213,93815000,93200,0,0,4016,0,,,8458000,79064674,93900,93200,93800,94200,93300,93400,93500,93600,93700,93800,93900,94000,94100,94200,164100,184300,348600,60000,40100,44400,50400,85100,124400,112600,93200,93100,93000,92900,92800,92700,92600,92500,92400,92300,473900,709600,925900,220900,287300,50900,145300,164300,16700,205700,98000,90800,11491018,6725100
000001.SZ,000001,20231213,93818000,93200,0,0,4027,0,,,8495200,79411384,93900,93200,93800,94200,93300,93400,93500,93600,93700,93800,93900,94000,94100,94200,170500,184500,348600,60000,40100,44400,50400,83200,124400,112600,93200,93100,93000,92900,92800,92700,92600,92500,92400,92300,439800,709600,926300,220900,287300,50900,145300,164400,16700,205700,98000,90700,11499718,6765700
000001.SZ,000001,20231213,93821000,93200,0,0,4034,0,,,8514100,79587549,93900,93200,93800,94200,93300,93400,93500,93600,93700,93800,93900,94000,94100,94200,168800,184500,348600,60000,40100,43400,50400,83200,124400,112600,93200,93100,93000,92900,92800,92700,92600,92500,92400,92300,436900,709600,926900,220900,287300,50900,145300,164400,17000,206800,98000,90700,11499418,6764800
000001.SZ,000001,20231213,93824000,93300,0,0,4042,0,,,8521700,79658397,93900,93200,93800,94200,93300,93400,93500,93600,93700,93800,93900,94000,94100,94200,173000,184500,348600,80000,40100,43400,50400,83200,124400,112600,93200,93100,93000,92900,92800,92700,92600,92500,92400,92300,432500,709600,931100,221200,287900,50900,146300,165000,16700,206800,98000,90700,11525518,6767700
000001.SZ,000001,20231213,93827000,93300,0,0,4046,0,,,8528200,79719042,93900,93200,93800,94200,93300,93400,93500,93600,93700,93800,93900,94000,94100,94200,178300,183300,349600,80000,40100,43400,50400,83200,124400,112600,93200,93100,93000,92900,92800,92700,92600,92500,92400,92300,433700,710800,932500,221600,287900,50900,146300,165000,16700,206800,98000,90800,11530918,6830900
000001.SZ,000001,20231213,93830000,93200,0,0,4062,0,,,8540800,79836510,93900,93200,93800,94200,93300,93400,93500,93600,93700,93800,93900,94000,94100,94200,213100,183300,349600,90000,40100,42300,50400,83200,124400,112600,93200,93100,93000,92900,92800,92700,92600,92500,92400,92300,427900,711800,933800,219600,287900,50900,146300,168000,16700,206800,98000,90700,11575618,6829700
000001.SZ,000001,20231213,93833000,93200,0,0,4070,0,,,8545100,79876586,93900,93200,93800,94200,93300,93400,93500,93600,93700,93800,93900,94000,94100,94200,220000,185500,349600,90000,40100,42300,50400,83200,124400,86100,93200,93100,93000,92900,92800,92700,92600,92500,92400,92300,435000,711800,940800,220100,287900,52200,148000,168000,16700,206800,98000,90800,11559018,6852600
000001.SZ,000001,20231213,93836000,93200,0,0,4082,0,,,8562000,80034114,93900,93200,93800,94200,93300,93400,93500,93600,93700,93800,93900,94000,94100,94200,209800,185500,349600,90000,40100,42300,50400,83200,124400,86100,93200,93100,93000,92900,92800,92700,92600,92500,92400,92300,423400,716300,945000,221100,288400,52200,136300,168000,16700,206800,98000,90800,11553618,6842300
000001.SZ,000001,20231213,93839000,93300,0,0,4104,0,,,8596100,80352173,93900,93200,93800,94200,93300,93400,93500,93600,93700,93800,93900,94000,94100,94200,194900,185500,348600,91000,45600,42300,50400,85400,124400,86100,93200,93100,93000,92900,92800,92700,92600,92500,92400,92300,407800,716300,943000,221100,288900,52200,136300,168000,16700,206800,98000,90700,11546418,6826300
000001.SZ,000001,20231213,93842000,93200,0,0,4116,0,,,8608500,80467746,93900,93200,93800,94200,93300,93400,93500,93600,93700,93800,93900,94000,94100,94200,193900,185500,348600,91000,45600,42300,50400,85400,124400,86100,93200,93100,93000,92900,92800,92700,92600,92500,92400,92300,402600,718300,943000,221100,291100,52200,136300,168000,16700,206800,98000,90700,11577118,6828500
000001.SZ,000001,20231213,93845000,93200,0,0,4131,0,,,8621400,80588002,93900,93200,93800,94200,93300,93400,93500,93600,93700,93800,93900,94000,94100,94200,192000,185500,348600,91000,45600,42300,50700,85400,124400,86100,93200,93100,93000,92900,92800,92700,92600,92500,92400,92300,403100,730800,949000,221100,291100,52200,141600,168000,16700,206900,98000,90800,11575518,6850600
000001.SZ,000001,20231213,93848000,93300,0,0,4142,0,,,8641200,80772543,93900,93200,93800,94200,93300,93400,93500,93600,93700,93800,93900,94000,94100,94200,269200,185500,348600,96000,45600,42300,50700,85400,124400,85100,93200,93100,93000,92900,92800,92700,92600,92500,92400,92300,386400,730200,951000,221100,323400,52200,141600,168000,16700,206900,97900,90800,11656718,6867600
000001.SZ,000001,20231213,93851000,93200,0,0,4146,0,,,8650000,80854562,93900,93200,93800,94200,93300,93400,93500,93600,93700,93800,93900,94000,94100,94200,271500,183500,348600,96000,46600,42300,50700,89900,124400,85100,93200,93100,93000,92900,92800,92700,92600,92500,92400,92300,380600,731600,954700,221100,323400,52200,141600,168000,16700,206900,98000,90800,11936318,6869100
000001.SZ,000001,20231213,93854000,93200,0,0,4259,0,,,8905400,83234903,93900,93200,93800,94200,93300,93400,93500,93600,93700,93800,93900,94000,94100,94200,297800,183500,348600,96000,46600,42300,50700,89900,124400,85100,93200,93100,93000,92900,92800,92700,92600,92500,92400,92300,137100,748600,954700,226100,323400,52200,141600,179100,16700,206900,98000,90700,11963918,6659700
000001.SZ,000001,20231213,93857000,93200,0,0,4339,0,,,8985600,83982402,93900,93200,93800,94200,93300,93400,93500,93600,93700,93800,93900,94000,94100,94200,290900,183500,311500,96000,46600,42100,50700,89900,124400,85100,93200,93100,93000,92900,92800,92700,92600,92500,92400,92300,80400,749100,956700,231100,323400,52200,143600,179100,16700,206900,98000,90700,11919718,6616600
000001.SZ,000001,20231213,93900000,93200,0,0,4398,0,,,9075900,84824007,93900,93200,93800,94200,93200,93300,93400,93500,93600,93700,93800,93900,94000,94100,18100,236700,181100,311500,96000,45400,42100,50700,89900,124400,93100,93000,92900,92800,92700,92600,92500,92400,92300,92200,749800,956800,231100,323400,52200,143600,179200,16700,206900,54700,98000,90600,11880018,6537100
000001.SZ,000001,20231213,93903000,93200,0,0,4422,0,,,9105600,85100548,93900,93100,93800,94200,93200,93300,93400,93500,93600,93700,93800,93900,94000,94100,80700,211200,181100,268500,95700,45400,42100,50700,89900,124400,93100,93000,92900,92800,92700,92600,92500,92400,92300,92200,720200,955200,231100,322400,52200,143600,179200,18100,206900,54700,98000,90600,11873818,6529900
000001.SZ,000001,20231213,93906000,93200,0,0,4446,0,,,9134900,85373499,93900,93100,93800,94200,93200,93300,93400,93500,93600,93700,93800,93900,94000,94100,77500,210300,181100,263200,84500,45400,42100,50700,89900,124400,93100,93000,92900,92800,92700,92600,92500,92400,92300,92200,732100,954600,231100,290400,52300,143600,180200,18100,206900,54700,98000,90600,11860518,6514300
000001.SZ,000001,20231213,93909000,93200,0,0,4453,0,,,9147100,85487173,93900,93100,93800,94200,93200,93300,93400,93500,93600,93700,93800,93900,94000,94100,111000,206100,181100,263200,84500,45400,42100,50700,89900,124400,93100,93000,92900,92800,92700,92600,92500,92400,92300,92200,764700,951500,233100,295400,52300,144400,181400,18100,206900,54700,98000,90600,11892818,6552200
000001.SZ,000001,20231213,93912000,93200,0,0,4475,0,,,9196600,85948397,93900,93100,93800,94200,93200,93300,93400,93500,93600,93700,93800,93900,94000,94100,110900,201500,181100,263200,84500,45400,42100,50700,90700,124400,93100,93000,92900,92800,92700,92600,92500,92400,92300,92200,703600,954700,233100,295400,52300,144400,181400,18100,206900,54700,98000,90600,11888918,6496300
000001.SZ,000001,20231213,93915000,93200,0,0,4479,0,,,9199900,85979153,93900,93100,93800,94200,93200,93300,93400,93500,93600,93700,93800,93900,94000,94100,148800,158100,181100,263200,84500,45400,42100,50700,90700,123800,93100,93000,92900,92800,92700,92600,92500,92400,92300,92200,715100,959300,233100,295400,52300,144400,182400,18100,206900,54900,98000,90600,11882818,6514400
000001.SZ,000001,20231213,93918000,93200,0,0,4503,0,,,9255400,86495915,93900,93100,93800,94200,93200,93300,93400,93500,93600,93700,93800,93900,94000,94100,145600,163500,181900,264200,84500,45400,42100,51000,92700,123800,93100,93000,92900,92800,92700,92600,92500,92400,92300,92200,667700,969700,237300,293300,84600,144400,182400,18100,206900,54900,98000,90600,11889618,6516900
000001.SZ,000001,20231213,93921000,93200,0,0,4511,0,,,9266500,86599297,93900,93100,93800,94200,93200,93300,93400,93500,93600,93700,93800,93900,94000,94100,142300,159200,181900,263200,84500,45400,42100,51000,92700,123800,93100,93000,92900,92800,92700,92600,92500,92400,92300,92200,701200,973100,237300,293300,84600,164800,183000,18900,206900,54900,98000,90600,11884618,6577000
000001.SZ,000001,20231213,93924000,93200,0,0,4628,0,,,9408100,87918876,93900,93100,93800,94200,93200,93300,93400,93500,93600,93700,93800,93900,94000,94100,42700,159200,181900,263200,84500,45400,42100,51000,92700,123800,93100,93000,92900,92800,92700,92600,92500,92400,92300,92200,719200,978900,249300,294700,84600,178400,184000,18900,206900,54900,98100,90700,11790318,7616000
000001.SZ,000001,20231213,93927000,93100,0,0,4655,0,,,9465900,88457319,93900,93100,93800,94200,93200,93300,93400,93500,93600,93700,93800,93900,94000,94100,14200,159200,181900,265500,84500,45400,42100,51000,92700,123800,93100,93000,92900,92800,92700,92600,92500,92400,92300,92200,697200,979700,249300,294700,85400,178400,184000,18900,206900,55100,98100,90700,11764118,7595800
000001.SZ,000001,20231213,93930000,93200,0,0,4685,0,,,9512200,88888823,93900,93100,93800,94200,93300,93400,93500,93600,93700,93800,93900,94000,94100,94200,153000,137800,265500,84500,45400,42100,51000,92700,123800,85100,93200,93100,93000,92900,92800,92700,92600,92500,92400,92300,80500,702300,977200,250300,294700,85400,183400,184000,18900,207100,98100,90800,11702618,7685100
000001.SZ,000001,20231213,93933000,93200,0,0,4688,0,,,9517800,88941020,93900,93100,93800,94200,93300,93400,93500,93600,93700,93800,93900,94000,94100,94200,169700,131900,265500,84500,45400,42100,51000,92700,123800,85100,93200,93100,93000,92900,92800,92700,92600,92500,92400,92300,79100,714100,987400,250300,294700,85400,184100,184000,18900,207100,98100,90800,11711418,7706900
000001.SZ,000001,20231213,93936000,93200,0,0,4689,0,,,9554400,89282132,93900,93100,93800,94200,93300,93400,93500,93600,93700,93800,93900,94000,94100,94200,171300,131900,265500,84500,45400,42100,51000,92700,123800,85100,93200,93100,93000,92900,92800,92700,92600,92500,92400,92300,49400,715600,993900,250300,294800,85400,184600,185000,18900,207100,98100,90800,11713018,7691900
000001.SZ,000001,20231213,93939000,93200,0,0,4691,0,,,9555900,89296122,93900,93100,93800,94200,93300,93400,93500,93600,93700,93800,93900,94000,94100,94200,222300,142900,265500,84500,45400,42100,51000,92700,123800,85100,93200,93100,93000,92900,92800,92700,92600,92500,92400,92300,83500,727200,1262700,250300,295100,85400,184700,185000,18900,207100,98100,90800,11779518,8007000
000001.SZ,000001,20231213,93942000,93200,0,0,4693,0,,,9568500,89413554,93900,93100,93800,94200,93300,93400,93500,93600,93700,93800,93900,94000,94100,94200,294100,144900,266500,84500,55400,42100,51000,92700,124000,86100,93200,93100,93000,92900,92800,92700,92600,92500,92400,92300,94800,729200,1263200,250300,296000,85400,184700,186200,18900,207100,98000,90900,11866118,8124800
000001.SZ,000001,20231213,93945000,93200,0,0,4695,0,,,9569300,89421016,93900,93100,93800,94200,93300,93400,93500,93600,93700,93800,93900,94000,94100,94200,293600,150000,266500,84500,55400,42100,51000,92700,124000,86100,93200,93100,93000,92900,92800,92700,92600,92500,92400,92300,125900,732200,1264100,252300,296000,85400,184700,184300,20300,207100,98000,90900,11868118,8161800
000001.SZ,000001,20231213,93948000,93200,0,0,4700,0,,,9572800,89453645,93900,93100,93800,94200,93300,93400,93500,93600,93700,93800,93900,94000,94100,94200,298900,150000,266500,84500,55400,44100,51000,95700,124000,86100,93200,93100,93000,92900,92800,92700,92600,92500,92400,92300,132700,737400,1271000,252300,296000,85400,184700,185100,20300,207100,98000,90900,11878418,8182800
000001.SZ,000001,20231213,93951000,93200,0,0,4701,0,,,9575200,89476013,93900,93100,93800,94200,93300,93400,93500,93600,93700,93800,93900,94000,94100,94200,298900,150000,266500,84500,55400,44100,51000,95700,124000,86100,93200,93100,93000,92900,92800,92700,92600,92500,92400,92300,143600,743300,1271000,252300,305200,88000,184700,184100,20300,208100,98000,90900,11881918,8212900
000001.SZ,000001,20231213,93954000,93200,0,0,4702,0,,,9577300,89495585,93900,93100,93800,94200,93300,93400,93500,93600,93700,93800,93900,94000,94100,94200,298100,150000,266500,84500,55400,44100,51000,95700,124000,86100,93200,93100,93000,92900,92800,92700,92600,92500,92400,92300,156000,746800,1271500,249800,305200,88000,183300,184100,20300,208100,98000,90900,11897118,8226400
000001.SZ,000001,20231213,93957000,93200,0,0,4704,0,,,9582000,89539389,93900,93100,93800,94200,93300,93400,93500,93600,93700,93800,93900,94000,94100,94200,277500,150000,266500,84500,55400,44100,51000,95700,124000,86100,93200,93100,93000,92900,92800,92700,92600,92500,92400,92300,170500,747800,1273500,251800,305800,88000,183300,184100,20300,208100,98000,90900,11876518,8247400
000001.SZ,000001,20231213,94000000,93200,0,0,4735,0,,,9635800,90040805,93900,93100,93800,94200,93300,93400,93500,93600,93700,93800,93900,94000,94100,94200,283800,150300,266500,84500,55400,42100,51000,95700,124000,86100,93200,93100,93000,92900,92800,92700,92600,92500,92400,92300,186000,751400,1274500,251800,305800,88000,183300,184100,20300,208100,98000,90900,11892418,8267500
000001.SZ,000001,20231213,94003000,93300,0,0,4748,0,,,9668300,90343718,93900,93100,93800,94200,93300,93400,93500,93600,93700,93800,93900,94000,94100,94200,294100,150600,266500,84500,55400,42100,51000,95700,124000,86100,93200,93100,93000,92900,92800,92700,92600,92500,92400,92300,164600,756100,1275100,254800,309200,88000,183300,185100,20600,208100,98000,90900,11907518,8260500
000001.SZ,000001,20231213,94006000,93300,0,0,4748,0,,,9668300,90343718,93900,93100,93800,94200,93300,93400,93500,93600,93700,93800,93900,94000,94100,94200,293900,185400,261000,84500,55400,42100,51000,95700,124000,86100,93200,93100,93000,92900,92800,92700,92600,92500,92400,92300,242000,758600,1288200,254800,309200,88000,183300,185600,20300,208100,98000,90900,11936618,8535800
000001.SZ,000001,20231213,94009000,93200,0,0,4755,0,,,9686600,90514286,93900,93100,93800,94200,93300,93400,93500,93600,93700,93800,93900,94000,94100,94200,314600,188700,261000,84500,55400,42100,51000,95700,124000,86100,93200,93100,93000,92900,92800,92700,92600,92500,92400,92300,243300,769500,1304500,252800,311300,88000,183300,185600,20300,208100,98000,90900,11960618,8562000
000001.SZ,000001,20231213,94012000,93200,0,0,4773,0,,,9709200,90724923,93900,93100,93800,94200,93300,93400,93500,93600,93700,93800,93900,94000,94100,94200,304100,188700,261000,84500,55400,42100,51000,95700,124000,86100,93200,93100,93000,92900,92800,92700,92600,92500,92400,92300,235600,781000,1308500,252800,311300,86700,183300,185600,20300,208100,98000,90900,11950118,8572100
000001.SZ,000001,20231213,94015000,93300,0,0,4774,0,,,9710200,90734253,93900,93100,93800,94200,93300,93400,93500,93600,93700,93800,93900,94000,94100,94200,305300,186900,261000,84500,55400,42100,51000,97700,124000,86100,93200,93100,93000,92900,92800,92700,92600,92500,92400,92300,237600,782100,1306000,254800,311300,86700,183300,186600,20300,208100,98000,90900,11951518,8577700
000001.SZ,000001,20231213,94018000,93200,0,0,4798,0,,,9748300,91089346,93900,93100,93800,94200,93300,93400,93500,93600,93700,93800,93900,94000,94100,94200,310700,186900,261000,84500,55400,42100,61000,97700,124000,86100,93200,93100,93000,92900,92800,92700,92600,92500,92400,92300,208900,787200,1311500,254800,311500,86700,183300,185400,20300,208100,98000,90900,12003818,8565900
000001.SZ,000001,20231213,94021000,93200,0,0,4803,0,,,9756000,91161116,93900,93100,93800,94200,93300,93400,93500,93600,93700,93800,93900,94000,94100,94200,311100,186900,261000,84500,55400,42100,61000,97700,121400,86100,93200,93100,93000,92900,92800,92700,92600,92500,92400,92300,213400,790600,1314600,255000,311500,86700,182500,185400,20300,208100,98000,90900,12001618,8576600
000001.SZ,000001,20231213,94024000,93300,0,0,4811,0,,,9768400,91276685,93900,93100,93800,94200,93300,93400,93500,93600,93700,93800,93900,94000,94100,94200,313700,187300,261000,84500,55400,42100,61000,97700,121400,86100,93200,93100,93000,92900,92800,92700,92600,92500,92400,92300,216000,861600,1319800,256500,313800,86700,182500,185400,20300,208100,98000,91000,12005918,8663200
000001.SZ,000001,20231213,94027000,93200,0,0,4816,0,,,9780200,91386683,93900,93100,93800,94200,93300,93400,93500,93600,93700,93800,93900,94000,94100,94200,301000,187300,261000,84500,55400,42100,61000,97700,121400,81100,93200,93100,93000,92900,92800,92700,92600,92500,92400,92300,213900,863900,1321800,256500,313800,86700,182500,185400,20300,208100,98000,91000,11989418,8665400
000001.SZ,000001,20231213,94030000,93200,0,0,4817,0,,,9780300,91387615,93900,93100,93800,94200,93300,93400,93500,93600,93700,93800,93900,94000,94100,94200,301200,187300,261000,84500,55400,42100,61000,97700,121400,81100,93200,93100,93000,92900,92800,92700,92600,92500,92400,92300,221200,864000,1321800,257500,319200,86700,182500,185400,20300,208100,98000,91000,12029018,8679200
000001.SZ,000001,20231213,94033000,93200,0,0,4823,0,,,9792000,91496689,93900,93100,93800,94200,93300,93400,93500,93600,93700,93800,93900,94000,94100,94200,263500,187300,261000,84500,55400,42100,61000,97700,121400,81100,93200,93100,93000,92900,92800,92700,92600,92500,92400,92300,312000,862800,1326300,257500,319200,84100,182500,185400,20300,208100,98000,91000,11991718,8784100
000001.SZ,000001,20231213,94036000,93200,0,0,4827,0,,,9794200,91517214,93900,93100,93800,94200,93300,93400,93500,93600,93700,93800,93900,94000,94100,94200,239700,187300,261000,84500,55400,42100,61000,97700,121400,81100,93200,93100,93000,92900,92800,92700,92600,92500,92400,92300,319000,867600,1331200,257900,319200,84100,183500,185400,20300,209100,98000,91000,11967918,8804200
000001.SZ,000001,20231213,94039000,93200,0,0,4830,0,,,9796300,91536796,93900,93100,93800,94200,93300,93400,93500,93600,93700,93800,93900,94000,94100,94200,274000,187300,261000,84500,55400,42100,61000,97700,121400,81100,93200,93100,93000,92900,92800,92700,92600,92500,92400,92300,320700,871400,1332000,257900,320200,84100,183500,185400,20300,209100,98000,91000,12007418,8811400
000001.SZ,000001,20231213,94042000,93200,0,0,4832,0,,,9797500,91547982,93900,93100,93800,94200,93300,93400,93500,93600,93700,93800,93900,94000,94100,94200,273800,187300,261000,84500,55400,42100,61000,97700,121400,81100,93200,93100,93000,92900,92800,92700,92600,92500,92400,92300,425300,881400,1332800,257900,321300,87700,183500,185400,20300,211100,98000,91000,12007718,8934100
000001.SZ,000001,20231213,94045000,93200,0,0,4838,0,,,9812700,91689683,93900,93100,93800,94200,93300,93400,93500,93600,93700,93800,93900,94000,94100,94200,270100,184600,261000,84500,55400,42100,61000,97700,121400,81100,93200,93100,93000,92900,92800,92700,92600,92500,92400,92300,430000,886800,1324600,257900,321300,87800,183500,185400,20300,211100,98000,91000,12002318,8941700
000001.SZ,000001,20231213,94048000,93300,0,0,4842,0,,,9818400,91742831,93900,93100,93800,94200,93300,93400,93500,93600,93700,93800,93900,94000,94100,94200,271700,184600,261000,84500,55400,42100,61000,97700,121400,81100,93200,93100,93000,92900,92800,92700,92600,92500,92400,92300,446800,888200,1324600,259900,321300,87800,184500,185400,20300,211100,98000,91000,12004118,8965600
000001.SZ,000001,20231213,94051000,93200,0,0,4845,0,,,9824100,91795975,93900,93100,93800,94200,93300,93400,93500,93600,93700,93800,93900,94000,94100,94200,267700,184600,261000,84500,55400,42100,61000,97700,121400,81100,93200,93100,93000,92900,92800,92700,92600,92500,92400,92300,461900,889200,1325100,260900,321300,87700,184500,185400,20300,211100,98000,91000,12000118,8983100
000001.SZ,000001,20231213,94054000,93200,0,0,4865,0,,,9863600,92164169,93900,93100,93800,94200,93300,93400,93500,93600,93700,93800,93900,94000,94100,94200,264100,184600,261000,95700,55400,42100,61000,97700,121400,81100,93200,93100,93000,92900,92800,92700,92600,92500,92400,92300,443700,894100,1325100,260900,321300,87700,186500,186400,20300,213100,98000,91000,12007718,8984500
000001.SZ,000001,20231213,94057000,93200,0,0,4868,0,,,9891700,92426069,93900,93100,93800,94200,93300,93400,93500,93600,93700,93800,93900,94000,94100,94200,258300,184600,261000,97700,55400,42100,61000,97700,121400,81100,93200,93100,93000,92900,92800,92700,92600,92500,92400,92300,444900,896200,1323800,261400,328100,87700,186500,186400,20300,213100,98000,91000,12004718,9793100
000001.SZ,000001,20231213,94100000,93300,0,0,4879,0,,,9907200,92570684,93900,93100,93800,94200,93300,93400,93500,93600,93700,93800,93900,94000,94100,94200,247300,183900,261000,97700,55400,42100,61000,97700,121400,81100,93200,93100,93000,92900,92800,92700,92600,92500,92400,92300,461400,897600,1323800,261700,328100,87700,186500,186800,20300,213100,98000,91000,11993018,9811700
000001.SZ,000001,20231213,94103000,93300,0,0,4882,0,,,9918700,92677891,93900,93100,93800,94200,93300,93400,93500,93600,93700,93800,93900,94000,94100,94200,253600,183900,261000,97700,55400,42100,61000,97700,121400,81100,93200,93100,93000,92900,92800,92700,92600,92500,92400,92300,495800,961400,1323800,261700,331100,87700,186500,186800,20300,213100,98000,91100,11981318,9917800
000001.SZ,000001,20231213,94106000,93300,0,0,4883,0,,,9919200,92682556,93900,93100,93800,94200,93300,93400,93500,93600,93700,93800,93900,94000,94100,94200,283900,183900,261000,97700,55400,42100,61000,97700,121400,81100,93200,93100,93000,92900,92800,92700,92600,92500,92400,92300,493900,980300,1323800,262700,332600,87700,186500,186800,20300,215700,98000,91100,12012618,9940800
000001.SZ,000001,20231213,94109000,93200,0,0,4887,0,,,9931800,92800008,93900,93100,93800,94200,93300,93400,93500,93600,93700,93800,93900,94000,94100,94200,299000,172200,261000,97700,55400,42100,61000,97700,121400,81100,93200,93100,93000,92900,92800,92700,92600,92500,92400,92300,489900,985900,1324400,262700,332600,87700,186900,186800,20300,215700,98000,91100,11969318,9944700
000001.SZ,000001,20231213,94112000,93200,0,0,4892,0,,,9938400,92861563,93900,93100,93800,94200,93300,93400,93500,93600,93700,93800,93900,94000,94100,94200,355700,172200,261000,97700,55400,42100,61000,97700,121400,81100,93200,93100,93000,92900,92800,92700,92600,92500,92400,92300,557000,986500,1325600,262700,335300,87700,186900,185600,20300,215700,98000,91100,12022018,10016100
000001.SZ,000001,20231213,94115000,93300,0,0,4896,0,,,9944700,92920329,93900,93100,93800,94200,93300,93400,93500,93600,93700,93800,93900,94000,94100,94200,351000,172200,261000,97700,55400,42100,61000,97700,121400,81100,93200,93100,93000,92900,92800,92700,92600,92500,92400,92300,577700,991200,1325100,263300,339300,87700,186900,186100,20300,215700,98000,91100,12018418,10047100
000001.SZ,000001,20231213,94118000,93200,0,0,4901,0,,,9946200,92934320,93900,93100,93800,94200,93300,93400,93500,93600,93700,93800,93900,94000,94100,94200,353100,172200,261000,97700,55400,42100,61000,97700,121400,81100,93200,93100,93000,92900,92800,92700,92600,92500,92400,92300,585500,991400,1320700,261300,339300,87700,186900,186100,20300,215700,98000,91100,12026018,10059700
000001.SZ,000001,20231213,94121000,93200,0,0,4901,0,,,9946200,92934320,93900,93100,93800,94200,93300,93400,93500,93600,93700,93800,93900,94000,94100,94200,352800,172200,266000,97700,55400,42100,61000,97700,121400,81100,93200,93100,93000,92900,92800,92700,92600,92500,92400,92300,625900,991400,1330700,261300,339300,87700,186900,186100,20300,215700,98000,91100,12030718,10110000
000001.SZ,000001,20231213,94124000,93300,0,0,4904,0,,,9956100,93026600,93900,93100,93800,94200,93300,93400,93500,93600,93700,93800,93900,94000,94100,94200,352500,174200,266000,97700,55400,42100,61000,97700,121400,85600,93200,93100,93000,92900,92800,92700,92600,92500,92400,92300,623700,961800,1328700,261500,339300,87700,186900,186100,20300,215700,98000,91100,12037918,10077200
000001.SZ,000001,20231213,94127000,93300,0,0,4912,0,,,9965500,93114259,93900,93100,93800,94200,93300,93400,93500,93600,93700,93800,93900,94000,94100,94200,344600,174200,266000,97700,55400,42100,61000,97700,121400,85600,93200,93100,93000,92900,92800,92700,92600,92500,92400,92300,651300,976700,1335900,261500,340300,87500,186900,185100,20300,215700,98000,91100,12071318,10128100
000001.SZ,000001,20231213,94130000,93200,0,0,4917,0,,,9970100,93157138,93900,93100,93800,94200,93300,93400,93500,93600,93700,93800,93900,94000,94100,94200,343500,174200,266000,97700,55400,42100,61000,97700,121400,86100,93200,93100,93000,92900,92800,92700,92600,92500,92400,92300,649800,977300,1376200,261500,340300,87500,186900,185100,20300,215700,98000,91100,12070818,10900900
